code,name,time,price,volume,preprice,type
300525,博思软件,15:00:03,34.19,19860,34.19,买盘
300525,博思软件,14:56:30,34.17,20700,34.19,卖盘
300525,博思软件,14:52:06,34.18,37065,34.18,买盘
300525,博思软件,14:51:42,34.19,20000,34.19,卖盘
300525,博思软件,14:51:09,34.19,50000,34.19,卖盘
300525,博思软件,14:50:51,34.19,50000,34.19,卖盘
300525,博思软件,14:44:36,34.19,15480,34.19,卖盘
300525,博思软件,14:40:21,34.19,84080,34.19,卖盘
300525,博思软件,14:37:51,34.19,17822,34.18,买盘
300525,博思软件,14:35:45,34.19,21000,34.19,卖盘
300525,博思软件,14:35:12,34.19,27710,34.19,卖盘
300525,博思软件,14:34:39,34.19,22000,34.19,卖盘
300525,博思软件,14:25:54,34.19,20000,34.19,卖盘
300525,博思软件,14:24:54,34.19,20000,34.19,卖盘
300525,博思软件,14:24:33,34.19,15000,34.19,卖盘
300525,博思软件,14:23:51,34.19,20000,34.19,卖盘
300525,博思软件,14:23:33,34.19,20800,34.19,卖盘
300525,博思软件,14:22:09,34.18,23050,34.19,买盘
300525,博思软件,14:21:18,34.18,14930,34.18,买盘
300525,博思软件,14:21:06,34.19,20580,34.19,卖盘
300525,博思软件,14:21:00,34.19,86930,34.19,卖盘
300525,博思软件,14:20:45,34.19,20200,34.18,买盘
300525,博思软件,14:20:42,34.18,58400,34.18,卖盘
300525,博思软件,14:20:33,34.19,16230,34.19,买盘
300525,博思软件,14:20:30,34.19,18690,34.19,卖盘
300525,博思软件,14:20:24,34.19,36603,34.19,卖盘
300525,博思软件,14:20:18,34.19,18600,34.19,卖盘
300525,博思软件,14:20:15,34.19,58160,34.19,卖盘
300525,博思软件,14:19:54,34.19,56000,34.19,卖盘
300525,博思软件,14:19:39,34.19,23240,34.19,卖盘
300525,博思软件,14:19:09,34.19,30900,34.19,卖盘
300525,博思软件,14:18:42,34.19,30000,34.19,卖盘
300525,博思软件,14:06:21,34.19,15910,34.19,卖盘
300525,博思软件,14:06:09,34.19,16590,34.19,卖盘
300525,博思软件,14:06:06,34.19,20400,34.19,卖盘
300525,博思软件,14:06:03,34.19,96225,34.19,买盘
300525,博思软件,14:05:57,34.19,73745,34.19,买盘
300525,博思软件,14:05:54,34.19,53272,34.19,卖盘
300525,博思软件,14:05:51,34.19,63773,34.19,卖盘
300525,博思软件,14:05:48,34.19,67680,34.19,卖盘
300525,博思软件,14:05:45,34.19,26880,34.19,卖盘
300525,博思软件,14:05:39,34.19,123100,34.19,卖盘
300525,博思软件,14:05:18,34.19,35780,34.19,卖盘
300525,博思软件,14:05:15,34.19,17100,34.19,卖盘
300525,博思软件,14:05:00,34.19,32000,34.19,卖盘
300525,博思软件,14:04:51,34.19,43300,34.19,卖盘
300525,博思软件,14:01:33,34.19,30072,34.19,卖盘
300525,博思软件,13:59:51,34.19,14120,34.19,卖盘
300525,博思软件,13:59:27,34.19,20500,34.19,卖盘
300525,博思软件,13:59:18,34.19,450884,34.09,买盘
300525,博思软件,13:58:21,34.08,22237,34.02,买盘
300525,博思软件,13:56:45,34.0,20700,34.04,卖盘
300525,博思软件,13:55:54,34.05,15900,34.05,买盘
300525,博思软件,13:55:39,34.01,37200,34.01,买盘
300525,博思软件,13:55:36,34.01,17100,34.01,买盘
300525,博思软件,13:55:33,34.01,33286,34.0,买盘
300525,博思软件,13:55:15,33.96,13700,33.94,买盘
300525,博思软件,13:54:21,33.96,69700,33.93,卖盘
300525,博思软件,13:53:21,33.89,17552,33.85,买盘
300525,博思软件,13:49:48,34.0,32800,33.98,买盘
300525,博思软件,13:49:33,34.0,14360,33.97,买盘
300525,博思软件,13:48:42,33.97,13670,33.9,买盘
300525,博思软件,13:45:06,33.9,17500,33.93,卖盘
300525,博思软件,13:44:21,33.98,17500,33.97,买盘
300525,博思软件,13:42:09,33.8,14400,33.78,买盘
300525,博思软件,13:41:48,33.8,55700,33.62,买盘
300525,博思软件,13:40:15,33.7,35810,33.62,买盘
300525,博思软件,13:37:54,33.53,20100,33.52,买盘
300525,博思软件,13:31:30,33.45,22500,33.47,卖盘
300525,博思软件,13:24:48,33.3,31100,33.23,买盘
300525,博思软件,13:22:12,33.23,22240,33.2,买盘
300525,博思软件,13:06:45,33.33,16060,33.35,卖盘
300525,博思软件,13:04:15,33.31,13306,33.29,买盘
300525,博思软件,13:00:03,33.23,21851,33.2,买盘
300525,博思软件,11:25:48,33.22,15300,33.22,买盘
300525,博思软件,11:23:15,33.21,45500,33.25,卖盘
300525,博思软件,11:22:06,33.35,14300,33.41,卖盘
300525,博思软件,11:18:45,33.61,20700,33.6,买盘
300525,博思软件,11:13:51,33.63,16200,33.65,卖盘
300525,博思软件,11:13:39,33.64,15200,33.68,卖盘
300525,博思软件,11:13:18,33.68,16928,33.7,卖盘
300525,博思软件,11:11:03,33.72,20230,33.66,买盘
300525,博思软件,11:10:27,33.52,29450,33.48,买盘
300525,博思软件,11:09:36,33.4,23500,33.35,买盘
300525,博思软件,11:08:36,33.3,33400,33.25,买盘
300525,博思软件,11:08:30,33.23,14631,33.2,买盘
300525,博思软件,11:06:30,33.3,18000,33.34,卖盘
300525,博思软件,11:01:51,33.41,14000,33.48,卖盘
300525,博思软件,11:01:42,33.47,13300,33.47,卖盘
300525,博思软件,11:01:09,33.47,37700,33.44,买盘
300525,博思软件,11:00:12,33.26,47900,33.2,买盘
300525,博思软件,10:59:03,33.17,29790,33.16,买盘
300525,博思软件,10:58:09,33.11,21800,33.1,卖盘
300525,博思软件,10:58:00,33.11,13700,33.11,卖盘
300525,博思软件,10:56:54,33.0,55000,32.98,买盘
300525,博思软件,10:56:24,32.96,17000,32.95,买盘
300525,博思软件,10:55:33,32.93,24360,32.93,卖盘
300525,博思软件,10:55:06,32.9,24400,32.95,卖盘
300525,博思软件,10:54:24,32.84,23100,32.84,买盘
300525,博思软件,10:54:21,32.84,19700,32.83,买盘
300525,博思软件,10:54:15,32.83,24100,32.83,买盘
300525,博思软件,10:45:24,32.5,32600,32.47,买盘
300525,博思软件,10:45:21,32.47,19500,32.46,买盘
300525,博思软件,10:44:57,32.36,14500,32.36,卖盘
300525,博思软件,10:20:45,32.5,18400,32.49,买盘
300525,博思软件,10:20:30,32.45,16500,32.42,买盘
300525,博思软件,10:18:21,32.38,20700,32.4,卖盘
300525,博思软件,10:13:33,32.39,16359,32.38,中性盘
300525,博思软件,10:13:24,32.4,22710,32.37,买盘
300525,博思软件,10:12:21,32.3,27300,32.29,买盘
300525,博思软件,10:12:15,32.26,36240,32.23,买盘
300525,博思软件,10:10:00,32.2,15500,32.18,买盘
300525,博思软件,10:06:36,32.2,18400,32.24,卖盘
300525,博思软件,10:06:33,32.24,13200,32.2,买盘
300525,博思软件,10:05:54,32.19,19700,32.2,卖盘
300525,博思软件,10:05:51,32.2,19100,32.18,买盘
300525,博思软件,10:04:54,32.1,15270,32.08,买盘
300525,博思软件,10:04:15,32.1,13500,32.02,买盘
300525,博思软件,10:01:24,32.1,16800,32.1,买盘
300525,博思软件,10:01:18,32.1,29700,32.12,卖盘
300525,博思软件,10:00:51,32.01,37325,31.98,买盘
300525,博思软件,10:00:48,31.98,16600,31.96,买盘
300525,博思软件,10:00:45,31.96,15735,31.96,买盘
300525,博思软件,10:00:30,31.94,17300,31.91,买盘
300525,博思软件,09:59:33,31.8,14500,31.81,卖盘
300525,博思软件,09:58:21,31.78,13200,31.8,卖盘
300525,博思软件,09:56:51,31.7,16600,31.67,买盘
300525,博思软件,09:55:45,31.7,14540,31.7,买盘
300525,博思软件,09:54:30,31.81,16900,31.84,卖盘
300525,博思软件,09:48:54,31.6,14410,31.62,卖盘
300525,博思软件,09:47:12,31.6,13400,31.5,买盘
300525,博思软件,09:46:54,31.6,63980,31.7,卖盘
300525,博思软件,09:42:30,31.94,17960,31.92,买盘
300525,博思软件,09:38:06,31.7,14900,31.73,卖盘
300525,博思软件,09:37:42,31.76,30900,31.76,买盘
300525,博思软件,09:37:00,31.89,50600,31.93,卖盘
300525,博思软件,09:35:03,31.73,20890,31.71,卖盘
300525,博思软件,09:34:54,31.74,13300,31.74,买盘
300525,博思软件,09:34:30,31.69,19600,31.68,卖盘
300525,博思软件,09:33:51,31.66,33210,31.64,买盘
300525,博思软件,09:33:18,31.6,15770,31.58,买盘
300525,博思软件,09:32:39,31.51,15700,31.47,买盘
300525,博思软件,09:32:30,31.46,14200,31.46,买盘
300525,博思软件,09:31:57,31.43,28300,31.43,卖盘
300525,博思软件,09:31:00,31.05,21080,31.0,买盘
300525,博思软件,09:25:03,30.92,21080,0.0,中性盘
