code,name,time,price,volume,preprice,type
300612,宣亚国际,14:47:24,18.76,20000,18.76,卖盘
300612,宣亚国际,14:32:39,18.76,18000,18.76,卖盘
300612,宣亚国际,14:26:24,18.76,119000,18.76,卖盘
300612,宣亚国际,13:34:12,18.76,20000,18.76,卖盘
300612,宣亚国际,13:33:06,18.76,22500,18.76,卖盘
300612,宣亚国际,13:28:27,18.76,31100,18.76,卖盘
300612,宣亚国际,13:28:12,18.76,27300,18.76,卖盘
300612,宣亚国际,13:27:45,18.76,25600,18.76,卖盘
300612,宣亚国际,13:27:15,18.76,27500,18.76,卖盘
300612,宣亚国际,13:26:57,18.76,882275,18.73,买盘
300612,宣亚国际,13:26:51,18.7,193050,18.68,买盘
300612,宣亚国际,13:26:30,18.6,50200,18.6,买盘
300612,宣亚国际,13:25:57,18.59,20300,18.57,买盘
300612,宣亚国际,13:25:45,18.58,20000,18.5,买盘
300612,宣亚国际,13:25:15,18.5,40100,18.49,买盘
300612,宣亚国际,13:14:57,18.5,19300,18.45,买盘
300612,宣亚国际,13:14:42,18.44,32300,18.42,买盘
300612,宣亚国际,13:12:48,18.49,50000,18.43,买盘
300612,宣亚国际,13:11:48,18.5,50000,18.47,买盘
300612,宣亚国际,13:11:33,18.5,54200,18.45,买盘
300612,宣亚国际,13:10:12,18.42,50000,18.35,买盘
300612,宣亚国际,13:09:15,18.4,18144,18.35,买盘
300612,宣亚国际,13:08:24,18.34,60300,18.3,买盘
300612,宣亚国际,13:07:18,18.3,25000,18.25,买盘
300612,宣亚国际,11:10:24,18.31,23300,18.29,买盘
300612,宣亚国际,11:04:51,18.28,30800,18.28,卖盘
300612,宣亚国际,10:48:30,18.4,50500,18.36,买盘
300612,宣亚国际,10:47:27,18.38,50300,18.37,买盘
300612,宣亚国际,10:47:18,18.38,50000,18.37,买盘
300612,宣亚国际,10:46:18,18.39,21900,18.4,卖盘
300612,宣亚国际,10:40:03,18.28,42300,18.31,卖盘
300612,宣亚国际,10:34:30,18.46,30700,18.4,买盘
300612,宣亚国际,10:33:42,18.3,20200,18.29,买盘
300612,宣亚国际,10:32:12,18.08,50100,18.05,中性盘
300612,宣亚国际,10:26:24,18.27,20000,18.22,买盘
300612,宣亚国际,10:24:42,18.2,17100,18.17,买盘
300612,宣亚国际,10:21:21,18.2,34300,18.2,买盘
300612,宣亚国际,10:21:00,18.19,37600,18.13,买盘
300612,宣亚国际,10:18:18,18.0,53900,17.98,买盘
300612,宣亚国际,10:17:33,18.0,27300,18.0,卖盘
300612,宣亚国际,10:17:12,17.98,55500,18.02,卖盘
300612,宣亚国际,10:13:06,18.11,27400,18.12,中性盘
300612,宣亚国际,10:12:51,18.14,20000,18.16,买盘
300612,宣亚国际,10:08:30,18.06,20000,18.03,买盘
300612,宣亚国际,10:07:57,17.98,43900,17.96,买盘
300612,宣亚国际,10:06:36,17.89,60400,17.85,买盘
300612,宣亚国际,10:06:15,17.88,25800,17.91,卖盘
300612,宣亚国际,10:05:24,17.99,17400,18.0,卖盘
300612,宣亚国际,10:04:27,18.1,23600,18.1,卖盘
300612,宣亚国际,10:04:00,18.1,30100,18.16,卖盘
300612,宣亚国际,10:03:33,18.2,29800,18.16,买盘
300612,宣亚国际,10:02:36,18.16,20000,18.13,买盘
300612,宣亚国际,10:02:24,18.1,23000,18.11,卖盘
300612,宣亚国际,10:02:15,18.16,23600,18.15,买盘
300612,宣亚国际,10:01:30,18.06,20700,18.05,买盘
300612,宣亚国际,10:01:27,18.05,17500,18.05,买盘
300612,宣亚国际,10:01:09,18.01,24900,18.01,卖盘
300612,宣亚国际,10:00:18,18.2,25100,18.21,卖盘
300612,宣亚国际,10:00:06,18.25,19900,18.26,卖盘
300612,宣亚国际,09:59:45,18.25,24000,18.25,买盘
300612,宣亚国际,09:59:06,18.3,27600,18.31,卖盘
300612,宣亚国际,09:59:00,18.3,23700,18.34,卖盘
300612,宣亚国际,09:58:27,18.4,32100,18.48,卖盘
300612,宣亚国际,09:58:21,18.48,79300,18.49,中性盘
300612,宣亚国际,09:58:15,18.5,64300,18.55,卖盘
300612,宣亚国际,09:58:12,18.55,26400,18.6,卖盘
300612,宣亚国际,09:58:03,18.56,24400,18.6,卖盘
300612,宣亚国际,09:57:51,18.51,24600,18.49,买盘
300612,宣亚国际,09:57:27,18.33,29100,18.28,买盘
300612,宣亚国际,09:57:24,18.28,39700,18.28,买盘
300612,宣亚国际,09:57:03,18.2,44500,18.2,买盘
300612,宣亚国际,09:57:00,18.2,68000,18.19,买盘
300612,宣亚国际,09:56:51,18.16,27400,18.19,卖盘
300612,宣亚国际,09:56:39,18.15,18500,18.16,卖盘
300612,宣亚国际,09:56:30,18.15,20100,18.09,买盘
300612,宣亚国际,09:56:21,18.1,32400,18.08,买盘
300612,宣亚国际,09:56:12,18.06,21700,18.04,买盘
300612,宣亚国际,09:56:00,18.09,18200,18.04,买盘
300612,宣亚国际,09:55:42,18.05,30200,18.06,买盘
300612,宣亚国际,09:52:48,18.03,44700,18.15,卖盘
300612,宣亚国际,09:52:36,18.15,22300,18.16,卖盘
300612,宣亚国际,09:52:21,18.15,23400,18.05,买盘
300612,宣亚国际,09:52:12,18.04,57000,18.09,卖盘
300612,宣亚国际,09:52:03,18.1,47800,18.04,买盘
300612,宣亚国际,09:51:51,18.09,23800,18.04,买盘
300612,宣亚国际,09:51:42,18.04,27300,18.1,卖盘
300612,宣亚国际,09:51:21,18.01,21800,18.0,买盘
300612,宣亚国际,09:51:18,18.0,43500,18.0,买盘
300612,宣亚国际,09:51:09,18.0,51200,18.0,买盘
300612,宣亚国际,09:51:03,17.99,89700,17.89,买盘
300612,宣亚国际,09:50:51,17.9,21600,17.88,买盘
300612,宣亚国际,09:50:27,17.86,72100,17.85,买盘
300612,宣亚国际,09:50:12,17.84,31000,17.77,买盘
300612,宣亚国际,09:50:03,17.8,32800,17.81,卖盘
300612,宣亚国际,09:47:57,17.6,27100,17.61,卖盘
300612,宣亚国际,09:47:39,17.6,21000,17.6,买盘
300612,宣亚国际,09:47:24,17.66,29900,17.64,买盘
300612,宣亚国际,09:47:18,17.64,22500,17.65,卖盘
300612,宣亚国际,09:46:48,17.7,25900,17.66,买盘
300612,宣亚国际,09:46:12,17.62,31600,17.6,买盘
300612,宣亚国际,09:45:57,17.58,37400,17.58,买盘
300612,宣亚国际,09:44:42,17.53,33100,17.52,中性盘
300612,宣亚国际,09:43:18,17.5,21800,17.5,卖盘
300612,宣亚国际,09:41:27,17.67,20100,17.68,卖盘
300612,宣亚国际,09:40:51,17.62,25200,17.61,买盘
300612,宣亚国际,09:40:42,17.6,36700,17.58,买盘
300612,宣亚国际,09:40:27,17.69,46600,17.71,卖盘
300612,宣亚国际,09:40:09,17.78,23000,17.76,中性盘
300612,宣亚国际,09:40:00,17.79,24400,17.77,买盘
300612,宣亚国际,09:39:57,17.77,21200,17.79,卖盘
300612,宣亚国际,09:39:39,17.65,17400,17.6,买盘
300612,宣亚国际,09:39:36,17.6,18975,17.6,买盘
300612,宣亚国际,09:39:27,17.57,18900,17.58,中性盘
300612,宣亚国际,09:39:21,17.51,20400,17.5,买盘
300612,宣亚国际,09:38:39,17.5,24600,17.46,买盘
300612,宣亚国际,09:38:12,17.47,43500,17.48,卖盘
300612,宣亚国际,09:37:30,17.48,17200,17.52,买盘
300612,宣亚国际,09:37:27,17.52,57300,17.47,买盘
300612,宣亚国际,09:36:15,17.35,40600,17.33,买盘
300612,宣亚国际,09:36:09,17.35,21300,17.35,卖盘
300612,宣亚国际,09:35:33,17.37,35200,17.34,买盘
300612,宣亚国际,09:34:21,17.11,25300,17.29,卖盘
300612,宣亚国际,09:34:15,17.29,24600,17.3,买盘
300612,宣亚国际,09:34:12,17.3,30300,17.3,买盘
300612,宣亚国际,09:33:33,17.38,17700,17.38,买盘
300612,宣亚国际,09:33:12,17.48,17500,17.48,买盘
300612,宣亚国际,09:32:24,17.44,29600,17.46,卖盘
300612,宣亚国际,09:32:12,17.51,18900,17.54,卖盘
300612,宣亚国际,09:32:09,17.54,33500,17.56,卖盘
300612,宣亚国际,09:32:03,17.53,17400,17.5,卖盘
300612,宣亚国际,09:31:57,17.53,51600,17.44,买盘
300612,宣亚国际,09:31:54,17.44,18000,17.43,中性盘
300612,宣亚国际,09:31:39,17.36,30200,17.34,买盘
300612,宣亚国际,09:31:30,17.34,25100,17.31,买盘
300612,宣亚国际,09:31:27,17.31,23800,17.31,卖盘
300612,宣亚国际,09:30:51,17.16,53300,17.14,中性盘
300612,宣亚国际,09:30:45,17.1,22600,17.1,买盘
300612,宣亚国际,09:30:42,17.1,73400,17.19,卖盘
300612,宣亚国际,09:30:30,17.22,41200,17.22,买盘
300612,宣亚国际,09:30:12,17.09,31200,16.97,买盘
300612,宣亚国际,09:30:09,16.97,19600,17.05,卖盘
300612,宣亚国际,09:30:06,17.05,19800,17.11,买盘
300612,宣亚国际,09:30:03,17.11,43200,17.05,中性盘
300612,宣亚国际,09:25:03,17.05,48700,0.0,买盘
