code,name,time,price,volume,preprice,type
002635,安洁科技,15:00:03,23.33,178700,23.33,中性盘
002635,安洁科技,14:56:15,23.33,23200,23.33,卖盘
002635,安洁科技,14:54:21,23.33,28130,23.33,卖盘
002635,安洁科技,14:53:39,23.33,24900,23.33,卖盘
002635,安洁科技,14:48:39,23.33,29800,23.33,卖盘
002635,安洁科技,14:44:24,23.33,40800,23.33,卖盘
002635,安洁科技,14:39:42,23.33,80000,23.33,卖盘
002635,安洁科技,14:30:00,23.33,24700,23.33,卖盘
002635,安洁科技,14:28:57,23.33,31000,23.33,卖盘
002635,安洁科技,14:28:39,23.33,22200,23.33,卖盘
002635,安洁科技,14:27:30,23.33,27600,23.33,卖盘
002635,安洁科技,14:24:45,23.33,21900,23.33,卖盘
002635,安洁科技,14:19:51,23.33,31400,23.33,卖盘
002635,安洁科技,14:19:33,23.33,26500,23.33,卖盘
002635,安洁科技,14:19:09,23.33,157300,23.33,卖盘
002635,安洁科技,14:18:24,23.33,59100,23.33,卖盘
002635,安洁科技,14:17:30,23.33,33800,23.33,卖盘
002635,安洁科技,14:17:24,23.33,24400,23.33,卖盘
002635,安洁科技,14:17:21,23.33,23700,23.33,卖盘
002635,安洁科技,14:17:00,23.33,234200,23.33,卖盘
002635,安洁科技,14:16:57,23.33,25100,23.33,卖盘
002635,安洁科技,14:16:48,23.33,41400,23.33,卖盘
002635,安洁科技,14:16:45,23.33,23000,23.33,卖盘
002635,安洁科技,14:16:42,23.33,31000,23.33,卖盘
002635,安洁科技,14:16:39,23.33,21700,23.33,卖盘
002635,安洁科技,14:16:36,23.33,21500,23.33,卖盘
002635,安洁科技,14:16:33,23.33,37300,23.33,卖盘
002635,安洁科技,14:16:30,23.33,39100,23.33,卖盘
002635,安洁科技,14:16:27,23.33,52300,23.33,卖盘
002635,安洁科技,14:16:24,23.33,28300,23.33,卖盘
002635,安洁科技,14:16:21,23.33,29100,23.33,卖盘
002635,安洁科技,14:16:18,23.33,31500,23.33,卖盘
002635,安洁科技,14:16:15,23.33,890904,23.33,买盘
002635,安洁科技,14:16:12,23.33,473500,23.33,买盘
002635,安洁科技,14:16:09,23.33,991200,23.28,买盘
002635,安洁科技,14:16:06,23.28,31500,23.3,中性盘
002635,安洁科技,14:16:03,23.3,292600,23.3,买盘
002635,安洁科技,14:16:00,23.3,151600,23.2,买盘
002635,安洁科技,14:15:57,23.2,430602,23.14,买盘
002635,安洁科技,14:15:54,23.14,65100,23.14,卖盘
002635,安洁科技,14:15:51,23.14,22600,23.13,买盘
002635,安洁科技,14:15:48,23.13,36700,23.14,卖盘
002635,安洁科技,14:15:42,23.13,29200,23.12,买盘
002635,安洁科技,14:15:36,23.11,34200,23.11,买盘
002635,安洁科技,14:15:30,23.1,53400,23.1,买盘
002635,安洁科技,14:15:27,23.1,58200,23.1,买盘
002635,安洁科技,14:15:15,23.1,34900,23.08,买盘
002635,安洁科技,14:15:06,23.06,25500,23.05,买盘
002635,安洁科技,14:13:36,22.96,41500,22.97,卖盘
002635,安洁科技,14:13:15,23.0,56400,23.03,卖盘
002635,安洁科技,14:12:00,23.0,37700,22.97,买盘
002635,安洁科技,14:11:42,23.0,28900,23.0,买盘
002635,安洁科技,14:11:18,23.05,39900,23.05,卖盘
002635,安洁科技,14:11:12,23.05,88500,23.06,卖盘
002635,安洁科技,14:10:21,23.11,25200,23.1,买盘
002635,安洁科技,14:10:06,23.07,25100,23.05,买盘
002635,安洁科技,14:09:48,23.01,51200,23.13,卖盘
002635,安洁科技,14:09:45,23.13,250700,23.01,买盘
002635,安洁科技,14:09:24,23.01,48600,23.02,卖盘
002635,安洁科技,14:08:27,22.97,26300,22.98,卖盘
002635,安洁科技,14:08:06,22.99,25700,22.95,买盘
002635,安洁科技,14:06:45,23.05,56700,23.07,中性盘
002635,安洁科技,14:06:42,23.07,22200,23.07,买盘
002635,安洁科技,14:06:39,23.07,22000,23.07,中性盘
002635,安洁科技,14:06:36,23.07,29500,23.07,买盘
002635,安洁科技,14:06:33,23.07,33700,23.08,卖盘
002635,安洁科技,14:06:27,23.08,80500,23.08,买盘
002635,安洁科技,14:06:24,23.08,114400,23.12,卖盘
002635,安洁科技,14:06:21,23.12,68600,23.12,买盘
002635,安洁科技,14:06:18,23.12,33000,23.11,卖盘
002635,安洁科技,14:06:09,23.1,34100,23.1,买盘
002635,安洁科技,14:06:06,23.1,43500,23.09,买盘
002635,安洁科技,14:06:03,23.09,85200,23.08,买盘
002635,安洁科技,14:06:00,23.08,25400,23.07,买盘
002635,安洁科技,14:05:51,23.05,42200,23.03,买盘
002635,安洁科技,14:05:42,23.02,25600,23.01,买盘
002635,安洁科技,14:05:39,23.01,118810,23.0,买盘
002635,安洁科技,14:05:36,23.0,80500,23.0,买盘
002635,安洁科技,14:05:33,23.0,106800,22.99,买盘
002635,安洁科技,14:05:30,22.99,78500,22.99,买盘
002635,安洁科技,14:05:27,22.99,76900,22.98,买盘
002635,安洁科技,14:05:24,22.98,28700,22.98,买盘
002635,安洁科技,14:05:18,22.98,154300,22.96,买盘
002635,安洁科技,14:05:00,22.95,26000,22.94,买盘
002635,安洁科技,14:04:57,22.94,61400,22.94,卖盘
002635,安洁科技,14:04:54,22.94,63400,22.93,买盘
002635,安洁科技,14:04:18,22.94,22000,22.94,买盘
002635,安洁科技,14:04:15,22.94,34100,22.93,买盘
002635,安洁科技,14:04:12,22.93,25900,22.93,卖盘
002635,安洁科技,14:03:18,22.93,42800,22.94,卖盘
002635,安洁科技,14:03:12,22.93,37000,22.93,买盘
002635,安洁科技,14:03:00,22.93,35700,22.93,买盘
002635,安洁科技,14:02:39,22.96,27100,22.95,买盘
002635,安洁科技,14:02:36,22.95,36800,22.95,买盘
002635,安洁科技,14:02:30,22.95,29600,22.95,买盘
002635,安洁科技,14:02:27,22.95,38800,22.93,买盘
002635,安洁科技,14:02:21,22.94,33000,22.91,买盘
002635,安洁科技,14:02:18,22.91,83800,22.93,中性盘
002635,安洁科技,14:02:15,22.93,49400,22.93,买盘
002635,安洁科技,14:02:12,22.93,126800,22.91,买盘
002635,安洁科技,14:02:09,22.91,65200,22.94,卖盘
002635,安洁科技,14:02:06,22.94,76600,22.92,买盘
002635,安洁科技,14:02:03,22.92,32100,22.95,卖盘
002635,安洁科技,14:02:00,22.95,51400,22.94,买盘
002635,安洁科技,14:01:57,22.94,26200,22.96,卖盘
002635,安洁科技,14:01:54,22.96,56800,22.94,买盘
002635,安洁科技,14:01:42,22.92,36858,22.9,买盘
002635,安洁科技,14:01:39,22.9,23600,22.9,买盘
002635,安洁科技,14:01:36,22.9,23100,22.9,买盘
002635,安洁科技,14:01:33,22.9,32700,22.89,买盘
002635,安洁科技,14:01:30,22.89,167000,22.85,买盘
002635,安洁科技,14:01:27,22.85,25600,22.85,买盘
002635,安洁科技,14:01:24,22.85,292100,22.8,买盘
002635,安洁科技,14:01:21,22.8,57900,22.79,买盘
002635,安洁科技,14:01:18,22.79,70900,22.79,买盘
002635,安洁科技,14:01:12,22.78,61100,22.78,买盘
002635,安洁科技,14:01:09,22.78,30400,22.77,买盘
002635,安洁科技,14:01:06,22.77,29481,22.76,买盘
002635,安洁科技,14:01:03,22.76,26000,22.75,买盘
002635,安洁科技,14:00:54,22.75,70100,22.76,卖盘
002635,安洁科技,14:00:33,22.75,71514,22.75,卖盘
002635,安洁科技,14:00:27,22.75,23100,22.75,卖盘
002635,安洁科技,14:00:24,22.75,48700,22.74,买盘
002635,安洁科技,13:59:03,22.73,26700,22.73,卖盘
002635,安洁科技,13:59:00,22.73,48200,22.74,中性盘
002635,安洁科技,13:58:57,22.74,122000,22.69,买盘
002635,安洁科技,13:57:45,22.68,25800,22.69,卖盘
002635,安洁科技,13:57:33,22.69,42600,22.7,卖盘
002635,安洁科技,13:56:00,22.74,29900,22.74,卖盘
002635,安洁科技,13:55:57,22.74,24400,22.74,卖盘
002635,安洁科技,13:55:45,22.74,49400,22.74,卖盘
002635,安洁科技,13:55:24,22.75,24000,22.75,买盘
002635,安洁科技,13:54:57,22.76,73000,22.74,买盘
002635,安洁科技,13:54:45,22.75,24100,22.74,买盘
002635,安洁科技,13:54:36,22.76,25100,22.77,中性盘
002635,安洁科技,13:54:30,22.77,45300,22.75,买盘
002635,安洁科技,13:54:18,22.75,49000,22.75,买盘
002635,安洁科技,13:54:15,22.75,124800,22.72,买盘
002635,安洁科技,13:54:09,22.7,323500,22.68,买盘
002635,安洁科技,13:53:57,22.66,36400,22.66,买盘
002635,安洁科技,13:53:54,22.66,24400,22.65,买盘
002635,安洁科技,13:53:51,22.65,23900,22.63,买盘
002635,安洁科技,13:53:45,22.6,32700,22.6,卖盘
002635,安洁科技,13:53:42,22.6,96800,22.6,买盘
002635,安洁科技,13:53:27,22.57,32100,22.59,卖盘
002635,安洁科技,13:53:21,22.58,25800,22.57,中性盘
002635,安洁科技,13:53:12,22.57,33000,22.58,卖盘
002635,安洁科技,13:52:45,22.57,39000,22.56,买盘
002635,安洁科技,13:52:39,22.56,32700,22.56,卖盘
002635,安洁科技,13:50:27,22.52,30300,22.51,买盘
002635,安洁科技,13:47:18,22.55,47600,22.54,买盘
002635,安洁科技,13:42:48,22.64,28600,22.64,卖盘
002635,安洁科技,13:42:24,22.59,45400,22.6,卖盘
002635,安洁科技,13:41:36,22.55,40900,22.54,买盘
002635,安洁科技,13:41:30,22.54,41500,22.57,卖盘
002635,安洁科技,13:41:24,22.56,26900,22.55,买盘
002635,安洁科技,13:40:18,22.55,26900,22.52,买盘
002635,安洁科技,13:39:51,22.55,27600,22.5,买盘
002635,安洁科技,13:39:48,22.5,25800,22.53,卖盘
002635,安洁科技,13:38:48,22.45,22600,22.46,卖盘
002635,安洁科技,13:32:51,22.41,23100,22.41,卖盘
002635,安洁科技,13:32:06,22.39,43700,22.38,买盘
002635,安洁科技,13:31:36,22.35,28400,22.38,卖盘
002635,安洁科技,13:30:45,22.34,44800,22.35,中性盘
002635,安洁科技,13:29:18,22.27,31000,22.27,卖盘
002635,安洁科技,13:29:09,22.27,35800,22.26,中性盘
002635,安洁科技,13:29:06,22.26,50800,22.26,买盘
002635,安洁科技,13:28:45,22.26,29600,22.29,卖盘
002635,安洁科技,13:26:45,22.29,30250,22.32,卖盘
002635,安洁科技,13:26:33,22.31,29600,22.29,买盘
002635,安洁科技,13:24:12,22.24,46500,22.23,买盘
002635,安洁科技,13:23:42,22.26,53000,22.27,卖盘
002635,安洁科技,13:23:30,22.28,35400,22.29,卖盘
002635,安洁科技,13:23:24,22.29,23500,22.3,卖盘
002635,安洁科技,13:23:03,22.3,25750,22.3,卖盘
002635,安洁科技,13:22:57,22.3,25700,22.3,卖盘
002635,安洁科技,13:22:45,22.3,32500,22.3,卖盘
002635,安洁科技,13:22:15,22.3,27746,22.32,卖盘
002635,安洁科技,13:22:09,22.3,30600,22.31,卖盘
002635,安洁科技,13:21:39,22.31,23600,22.31,卖盘
002635,安洁科技,13:21:18,22.31,38700,22.34,卖盘
002635,安洁科技,13:20:12,22.39,77900,22.41,卖盘
002635,安洁科技,13:15:42,22.36,46200,22.33,买盘
002635,安洁科技,13:15:27,22.33,22800,22.34,卖盘
002635,安洁科技,13:14:42,22.35,71600,22.33,买盘
002635,安洁科技,13:13:57,22.35,71100,22.35,买盘
002635,安洁科技,13:13:48,22.33,22600,22.32,买盘
002635,安洁科技,13:13:45,22.32,27300,22.32,卖盘
002635,安洁科技,13:13:39,22.33,31300,22.32,买盘
002635,安洁科技,13:13:03,22.32,29800,22.32,卖盘
002635,安洁科技,13:12:36,22.33,31100,22.37,卖盘
002635,安洁科技,13:10:03,22.44,27600,22.45,卖盘
002635,安洁科技,13:09:54,22.45,32200,22.44,买盘
002635,安洁科技,13:08:45,22.45,50100,22.45,买盘
002635,安洁科技,13:08:33,22.45,42500,22.42,买盘
002635,安洁科技,13:07:21,22.44,23200,22.45,卖盘
002635,安洁科技,13:06:48,22.49,32100,22.46,买盘
002635,安洁科技,13:04:51,22.35,30000,22.37,卖盘
002635,安洁科技,13:03:39,22.36,42600,22.39,卖盘
002635,安洁科技,13:02:51,22.38,31400,22.42,卖盘
002635,安洁科技,13:01:12,22.51,49602,22.54,卖盘
002635,安洁科技,13:00:06,22.5,24400,22.47,买盘
002635,安洁科技,13:00:03,22.47,27000,22.47,买盘
002635,安洁科技,11:28:45,22.46,43500,22.49,卖盘
002635,安洁科技,11:26:54,22.51,25900,22.52,卖盘
002635,安洁科技,11:25:18,22.49,25800,22.5,卖盘
002635,安洁科技,11:25:09,22.49,66800,22.52,卖盘
002635,安洁科技,11:23:51,22.5,52500,22.52,卖盘
002635,安洁科技,11:22:45,22.56,62800,22.56,买盘
002635,安洁科技,11:22:33,22.55,26800,22.59,卖盘
002635,安洁科技,11:20:09,22.71,30900,22.71,买盘
002635,安洁科技,11:19:30,22.71,33900,22.7,买盘
002635,安洁科技,11:18:15,22.69,23900,22.68,买盘
002635,安洁科技,11:15:30,22.72,23400,22.72,买盘
002635,安洁科技,11:15:18,22.71,25200,22.72,卖盘
002635,安洁科技,11:14:27,22.75,24500,22.75,卖盘
002635,安洁科技,11:14:03,22.73,25000,22.75,卖盘
002635,安洁科技,11:13:54,22.75,26400,22.76,卖盘
002635,安洁科技,11:13:45,22.76,38900,22.73,买盘
002635,安洁科技,11:13:42,22.73,30400,22.75,卖盘
002635,安洁科技,11:13:30,22.73,30900,22.75,卖盘
002635,安洁科技,11:13:27,22.75,35000,22.74,买盘
002635,安洁科技,11:13:24,22.74,27300,22.74,买盘
002635,安洁科技,11:13:15,22.73,27600,22.71,买盘
002635,安洁科技,11:13:12,22.71,22800,22.7,买盘
002635,安洁科技,11:13:09,22.7,52900,22.7,买盘
002635,安洁科技,11:13:06,22.7,127800,22.69,买盘
002635,安洁科技,11:13:03,22.69,63500,22.69,买盘
002635,安洁科技,11:13:00,22.69,68400,22.67,买盘
002635,安洁科技,11:12:57,22.67,49300,22.68,卖盘
002635,安洁科技,11:12:54,22.68,24800,22.67,买盘
002635,安洁科技,11:12:51,22.67,25800,22.67,买盘
002635,安洁科技,11:12:45,22.65,30700,22.66,卖盘
002635,安洁科技,11:12:39,22.65,92500,22.64,买盘
002635,安洁科技,11:12:36,22.64,28900,22.64,买盘
002635,安洁科技,11:12:27,22.63,28100,22.62,买盘
002635,安洁科技,11:12:21,22.62,43900,22.6,买盘
002635,安洁科技,11:12:15,22.6,42632,22.6,买盘
002635,安洁科技,11:12:12,22.6,51100,22.58,买盘
002635,安洁科技,11:12:09,22.58,36300,22.59,卖盘
002635,安洁科技,11:11:24,22.55,54400,22.56,卖盘
002635,安洁科技,11:10:27,22.51,28800,22.53,卖盘
002635,安洁科技,11:10:03,22.5,36500,22.49,买盘
002635,安洁科技,11:09:12,22.51,24800,22.51,买盘
002635,安洁科技,11:08:45,22.51,26500,22.52,卖盘
002635,安洁科技,11:07:30,22.49,26700,22.48,买盘
002635,安洁科技,11:07:21,22.46,26900,22.47,卖盘
002635,安洁科技,11:07:12,22.47,23900,22.46,中性盘
002635,安洁科技,11:07:06,22.42,44500,22.46,卖盘
002635,安洁科技,11:07:03,22.46,34200,22.44,买盘
002635,安洁科技,11:04:33,22.54,26100,22.53,买盘
002635,安洁科技,11:01:33,22.6,31900,22.61,卖盘
002635,安洁科技,11:00:42,22.59,22300,22.6,卖盘
002635,安洁科技,11:00:39,22.6,45900,22.61,卖盘
002635,安洁科技,11:00:09,22.63,60700,22.64,买盘
002635,安洁科技,10:59:54,22.58,50800,22.6,中性盘
002635,安洁科技,10:59:48,22.6,85700,22.57,买盘
002635,安洁科技,10:59:45,22.57,37400,22.57,卖盘
002635,安洁科技,10:57:54,22.59,23100,22.59,卖盘
002635,安洁科技,10:57:24,22.57,190500,22.6,卖盘
002635,安洁科技,10:57:15,22.58,46200,22.57,买盘
002635,安洁科技,10:56:27,22.51,44200,22.51,买盘
002635,安洁科技,10:55:33,22.53,26400,22.53,卖盘
002635,安洁科技,10:54:15,22.6,34200,22.58,买盘
002635,安洁科技,10:53:51,22.64,29700,22.64,买盘
002635,安洁科技,10:53:48,22.64,28700,22.66,卖盘
002635,安洁科技,10:53:45,22.66,24500,22.66,买盘
002635,安洁科技,10:53:24,22.64,22500,22.63,中性盘
002635,安洁科技,10:53:15,22.62,92100,22.6,中性盘
002635,安洁科技,10:53:12,22.6,92800,22.6,买盘
002635,安洁科技,10:53:09,22.6,32800,22.59,买盘
002635,安洁科技,10:53:00,22.58,106000,22.58,卖盘
002635,安洁科技,10:52:54,22.58,35900,22.58,买盘
002635,安洁科技,10:52:51,22.58,37900,22.58,买盘
002635,安洁科技,10:52:45,22.58,43600,22.56,买盘
002635,安洁科技,10:52:36,22.55,70400,22.54,买盘
002635,安洁科技,10:52:30,22.52,45653,22.51,买盘
002635,安洁科技,10:51:12,22.5,22300,22.51,买盘
002635,安洁科技,10:49:21,22.5,108800,22.5,买盘
002635,安洁科技,10:49:15,22.5,25700,22.5,买盘
002635,安洁科技,10:49:12,22.5,29000,22.46,买盘
002635,安洁科技,10:49:09,22.46,41500,22.46,卖盘
002635,安洁科技,10:48:51,22.44,43400,22.43,买盘
002635,安洁科技,10:46:18,22.49,29500,22.5,卖盘
002635,安洁科技,10:46:12,22.47,48100,22.46,中性盘
002635,安洁科技,10:46:06,22.49,39600,22.47,买盘
002635,安洁科技,10:45:54,22.45,60600,22.44,买盘
002635,安洁科技,10:45:51,22.44,34000,22.43,买盘
002635,安洁科技,10:45:45,22.4,65200,22.4,买盘
002635,安洁科技,10:45:42,22.4,48116,22.38,买盘
002635,安洁科技,10:45:39,22.38,47900,22.36,买盘
002635,安洁科技,10:45:36,22.36,30900,22.35,买盘
002635,安洁科技,10:44:42,22.35,34900,22.35,卖盘
002635,安洁科技,10:44:21,22.35,38600,22.34,买盘
002635,安洁科技,10:44:00,22.4,80600,22.38,买盘
002635,安洁科技,10:42:45,22.43,33900,22.43,卖盘
002635,安洁科技,10:42:39,22.43,26500,22.44,卖盘
002635,安洁科技,10:42:33,22.44,30100,22.44,买盘
002635,安洁科技,10:40:54,22.41,25981,22.4,买盘
002635,安洁科技,10:40:51,22.4,34200,22.37,买盘
002635,安洁科技,10:40:45,22.37,51654,22.35,买盘
002635,安洁科技,10:40:42,22.35,37146,22.35,卖盘
002635,安洁科技,10:40:30,22.34,28100,22.36,卖盘
002635,安洁科技,10:40:18,22.36,23100,22.37,卖盘
002635,安洁科技,10:40:09,22.38,23300,22.38,买盘
002635,安洁科技,10:39:45,22.41,23000,22.42,卖盘
002635,安洁科技,10:39:42,22.42,50400,22.42,卖盘
002635,安洁科技,10:39:27,22.43,27000,22.44,卖盘
002635,安洁科技,10:39:15,22.45,26100,22.44,买盘
002635,安洁科技,10:38:48,22.46,23600,22.49,卖盘
002635,安洁科技,10:38:21,22.52,42600,22.52,买盘
002635,安洁科技,10:38:18,22.52,23600,22.52,卖盘
002635,安洁科技,10:38:15,22.52,26200,22.53,卖盘
002635,安洁科技,10:37:57,22.53,28900,22.54,卖盘
002635,安洁科技,10:37:45,22.54,41800,22.54,卖盘
002635,安洁科技,10:37:42,22.54,40100,22.54,买盘
002635,安洁科技,10:37:39,22.54,25800,22.52,中性盘
002635,安洁科技,10:37:33,22.54,26200,22.52,买盘
002635,安洁科技,10:37:30,22.52,30100,22.52,卖盘
002635,安洁科技,10:37:18,22.56,37000,22.55,买盘
002635,安洁科技,10:37:03,22.58,36500,22.58,买盘
002635,安洁科技,10:36:45,22.59,34409,22.59,卖盘
002635,安洁科技,10:36:42,22.59,31700,22.6,卖盘
002635,安洁科技,10:36:39,22.6,25100,22.6,买盘
002635,安洁科技,10:36:33,22.6,23000,22.59,买盘
002635,安洁科技,10:36:21,22.6,26500,22.6,卖盘
002635,安洁科技,10:36:15,22.58,88600,22.61,卖盘
002635,安洁科技,10:36:12,22.61,42500,22.59,买盘
002635,安洁科技,10:36:06,22.59,50400,22.59,买盘
002635,安洁科技,10:36:03,22.59,24200,22.59,买盘
002635,安洁科技,10:35:57,22.59,57400,22.6,卖盘
002635,安洁科技,10:35:54,22.6,81000,22.61,卖盘
002635,安洁科技,10:35:51,22.61,27700,22.61,卖盘
002635,安洁科技,10:35:45,22.61,24700,22.62,卖盘
002635,安洁科技,10:35:42,22.62,74600,22.62,买盘
002635,安洁科技,10:35:39,22.62,65300,22.64,卖盘
002635,安洁科技,10:35:36,22.64,32500,22.64,卖盘
002635,安洁科技,10:35:33,22.64,54300,22.61,买盘
002635,安洁科技,10:35:30,22.61,62600,22.61,卖盘
002635,安洁科技,10:35:27,22.61,31700,22.62,卖盘
002635,安洁科技,10:35:24,22.62,36100,22.6,买盘
002635,安洁科技,10:35:21,22.6,34100,22.63,卖盘
002635,安洁科技,10:35:18,22.63,24600,22.63,卖盘
002635,安洁科技,10:35:15,22.63,31000,22.63,卖盘
002635,安洁科技,10:35:12,22.63,40100,22.61,买盘
002635,安洁科技,10:35:09,22.61,24300,22.63,卖盘
002635,安洁科技,10:35:06,22.63,163700,22.64,卖盘
002635,安洁科技,10:35:03,22.64,58000,22.64,卖盘
002635,安洁科技,10:35:00,22.64,39700,22.61,买盘
002635,安洁科技,10:34:57,22.61,65500,22.64,卖盘
002635,安洁科技,10:34:54,22.64,61300,22.64,买盘
002635,安洁科技,10:34:51,22.64,22200,22.61,买盘
002635,安洁科技,10:34:45,22.57,67200,22.6,卖盘
002635,安洁科技,10:34:39,22.53,175700,22.51,买盘
002635,安洁科技,10:34:36,22.51,43800,22.49,买盘
002635,安洁科技,10:34:33,22.49,211000,22.5,卖盘
002635,安洁科技,10:34:30,22.5,57400,22.47,买盘
002635,安洁科技,10:34:27,22.47,44300,22.47,买盘
002635,安洁科技,10:34:24,22.47,34000,22.46,买盘
002635,安洁科技,10:34:21,22.46,117315,22.45,买盘
002635,安洁科技,10:34:18,22.45,71700,22.44,买盘
002635,安洁科技,10:34:15,22.44,40500,22.43,买盘
002635,安洁科技,10:34:12,22.43,68100,22.43,买盘
002635,安洁科技,10:34:09,22.43,30800,22.41,买盘
002635,安洁科技,10:34:06,22.41,70200,22.4,买盘
002635,安洁科技,10:34:03,22.4,32400,22.39,买盘
002635,安洁科技,10:33:57,22.4,24100,22.39,买盘
002635,安洁科技,10:33:51,22.39,78600,22.39,卖盘
002635,安洁科技,10:33:48,22.39,51900,22.4,卖盘
002635,安洁科技,10:33:42,22.4,28200,22.4,买盘
002635,安洁科技,10:33:36,22.39,87200,22.4,卖盘
002635,安洁科技,10:33:27,22.39,22900,22.4,卖盘
002635,安洁科技,10:33:15,22.42,35400,22.42,买盘
002635,安洁科技,10:33:12,22.42,39200,22.42,买盘
002635,安洁科技,10:33:09,22.42,25700,22.41,买盘
002635,安洁科技,10:33:00,22.41,36000,22.41,卖盘
002635,安洁科技,10:32:57,22.41,23100,22.42,卖盘
002635,安洁科技,10:32:54,22.42,32800,22.41,买盘
002635,安洁科技,10:32:48,22.42,26800,22.38,买盘
002635,安洁科技,10:32:45,22.38,23800,22.41,卖盘
002635,安洁科技,10:32:42,22.41,33100,22.4,买盘
002635,安洁科技,10:32:39,22.4,27900,22.4,卖盘
002635,安洁科技,10:32:36,22.4,32000,22.42,卖盘
002635,安洁科技,10:32:33,22.42,40600,22.36,买盘
002635,安洁科技,10:32:30,22.36,80300,22.4,卖盘
002635,安洁科技,10:32:27,22.4,65400,22.37,买盘
002635,安洁科技,10:32:24,22.37,43600,22.38,卖盘
002635,安洁科技,10:32:21,22.38,150400,22.35,买盘
002635,安洁科技,10:32:18,22.35,32400,22.34,买盘
002635,安洁科技,10:32:15,22.34,42200,22.34,买盘
002635,安洁科技,10:32:12,22.34,39000,22.34,卖盘
002635,安洁科技,10:32:09,22.34,44700,22.35,卖盘
002635,安洁科技,10:31:51,22.35,27000,22.36,卖盘
002635,安洁科技,10:31:48,22.36,47300,22.36,买盘
002635,安洁科技,10:31:45,22.36,72400,22.37,卖盘
002635,安洁科技,10:31:39,22.37,27300,22.37,买盘
002635,安洁科技,10:31:36,22.37,22600,22.38,卖盘
002635,安洁科技,10:31:30,22.37,30100,22.38,卖盘
002635,安洁科技,10:31:24,22.38,48200,22.38,买盘
002635,安洁科技,10:31:21,22.38,26200,22.38,买盘
002635,安洁科技,10:31:12,22.38,62500,22.38,卖盘
002635,安洁科技,10:31:09,22.38,51300,22.38,卖盘
002635,安洁科技,10:31:03,22.38,26500,22.34,买盘
002635,安洁科技,10:31:00,22.34,47500,22.37,卖盘
002635,安洁科技,10:30:54,22.36,29300,22.4,卖盘
002635,安洁科技,10:30:51,22.4,59900,22.36,买盘
002635,安洁科技,10:30:48,22.36,44900,22.41,卖盘
002635,安洁科技,10:30:45,22.41,136300,22.42,卖盘
002635,安洁科技,10:30:39,22.42,66168,22.4,买盘
002635,安洁科技,10:30:36,22.4,60985,22.39,买盘
002635,安洁科技,10:30:33,22.39,31100,22.37,买盘
002635,安洁科技,10:30:30,22.37,37300,22.35,买盘
002635,安洁科技,10:30:27,22.35,56000,22.33,买盘
002635,安洁科技,10:30:24,22.33,33200,22.25,买盘
002635,安洁科技,10:30:21,22.25,438800,22.22,买盘
002635,安洁科技,10:30:18,22.22,193800,22.19,买盘
002635,安洁科技,10:30:12,22.2,157600,22.14,买盘
002635,安洁科技,10:30:09,22.14,110873,22.11,买盘
002635,安洁科技,10:30:06,22.11,26200,22.13,中性盘
002635,安洁科技,10:30:03,22.13,507600,22.07,买盘
002635,安洁科技,10:29:39,22.07,46600,22.06,买盘
002635,安洁科技,10:29:06,22.06,26000,22.06,买盘
002635,安洁科技,10:28:57,22.05,35400,22.05,卖盘
002635,安洁科技,10:28:51,22.05,31700,22.04,买盘
002635,安洁科技,10:28:45,22.04,26800,22.05,卖盘
002635,安洁科技,10:28:27,22.05,50100,22.04,买盘
002635,安洁科技,10:27:27,22.03,26600,22.04,卖盘
002635,安洁科技,10:26:09,22.02,59400,22.03,买盘
002635,安洁科技,10:25:57,22.05,27000,22.02,买盘
002635,安洁科技,10:25:45,22.04,55000,22.04,买盘
002635,安洁科技,10:25:42,22.04,31500,22.04,卖盘
002635,安洁科技,10:24:36,22.01,37000,22.0,中性盘
002635,安洁科技,10:23:27,22.0,26800,22.01,卖盘
002635,安洁科技,10:23:18,22.01,39100,22.0,买盘
002635,安洁科技,10:22:54,22.02,31800,22.03,卖盘
002635,安洁科技,10:22:18,22.02,28300,22.04,卖盘
002635,安洁科技,10:21:21,22.08,28900,22.08,卖盘
002635,安洁科技,10:21:09,22.08,26200,22.08,买盘
002635,安洁科技,10:20:51,22.05,32200,22.05,买盘
002635,安洁科技,10:20:45,22.05,202000,22.05,买盘
002635,安洁科技,10:20:27,22.05,27700,22.05,买盘
002635,安洁科技,10:20:24,22.05,27200,22.04,买盘
002635,安洁科技,10:20:06,22.02,28100,22.01,买盘
002635,安洁科技,10:20:03,22.01,53300,21.99,买盘
002635,安洁科技,10:20:00,21.99,24800,21.96,买盘
002635,安洁科技,10:19:33,21.94,25900,21.96,卖盘
002635,安洁科技,10:19:09,21.99,51100,22.0,卖盘
002635,安洁科技,10:19:06,22.0,26200,22.0,卖盘
002635,安洁科技,10:19:03,22.0,55100,22.0,卖盘
002635,安洁科技,10:18:12,22.08,37100,22.09,卖盘
002635,安洁科技,10:18:09,22.09,62600,22.08,买盘
002635,安洁科技,10:18:03,22.08,24700,22.09,卖盘
002635,安洁科技,10:17:57,22.08,37300,22.07,买盘
002635,安洁科技,10:17:54,22.07,27800,22.07,卖盘
002635,安洁科技,10:17:51,22.07,46800,22.08,卖盘
002635,安洁科技,10:17:39,22.06,102100,22.02,买盘
002635,安洁科技,10:17:36,22.02,34400,22.0,买盘
002635,安洁科技,10:17:30,22.0,42200,21.99,买盘
002635,安洁科技,10:17:27,21.99,56200,21.99,卖盘
002635,安洁科技,10:17:24,21.99,39700,21.99,卖盘
002635,安洁科技,10:17:21,21.99,44400,21.98,买盘
002635,安洁科技,10:17:15,21.97,29200,21.96,买盘
002635,安洁科技,10:16:36,21.98,36600,22.0,卖盘
002635,安洁科技,10:16:33,22.0,27600,21.98,买盘
002635,安洁科技,10:16:18,22.0,225000,21.99,买盘
002635,安洁科技,10:16:15,21.99,38700,21.99,卖盘
002635,安洁科技,10:16:12,21.99,26100,21.99,卖盘
002635,安洁科技,10:15:51,21.97,44100,21.95,买盘
002635,安洁科技,10:15:48,21.95,25400,21.93,买盘
002635,安洁科技,10:15:33,21.91,46395,21.89,买盘
002635,安洁科技,10:14:27,21.9,24600,21.89,买盘
002635,安洁科技,10:14:00,21.81,59100,21.75,买盘
002635,安洁科技,10:13:21,21.75,25300,21.75,卖盘
002635,安洁科技,10:13:18,21.75,42800,21.75,卖盘
002635,安洁科技,10:12:33,21.8,55200,21.81,卖盘
002635,安洁科技,10:12:00,21.81,29900,21.82,卖盘
002635,安洁科技,10:11:00,21.86,25600,21.86,卖盘
002635,安洁科技,10:09:30,21.9,30300,21.9,卖盘
002635,安洁科技,10:09:00,21.89,23600,21.89,卖盘
002635,安洁科技,10:08:51,21.87,54600,21.88,卖盘
002635,安洁科技,10:08:12,21.9,69900,21.93,卖盘
002635,安洁科技,10:07:39,21.91,36700,21.9,买盘
002635,安洁科技,10:07:36,21.9,76000,21.93,卖盘
002635,安洁科技,10:07:27,21.9,34100,21.89,买盘
002635,安洁科技,10:07:09,21.84,22900,21.84,卖盘
002635,安洁科技,10:07:03,21.85,30700,21.83,买盘
002635,安洁科技,10:06:57,21.84,41500,21.84,买盘
002635,安洁科技,10:06:24,21.9,25300,21.9,卖盘
002635,安洁科技,10:06:21,21.9,47600,21.9,买盘
002635,安洁科技,10:06:18,21.9,26300,21.9,买盘
002635,安洁科技,10:06:03,21.91,29500,21.92,卖盘
002635,安洁科技,10:05:27,21.98,50900,21.98,买盘
002635,安洁科技,10:05:09,21.98,36000,22.0,卖盘
002635,安洁科技,10:05:03,21.99,29500,22.0,卖盘
002635,安洁科技,10:04:57,21.99,23200,21.98,买盘
002635,安洁科技,10:04:54,21.98,27300,21.99,卖盘
002635,安洁科技,10:04:51,21.99,48400,21.98,买盘
002635,安洁科技,10:04:48,21.98,37500,21.98,卖盘
002635,安洁科技,10:04:45,21.98,32000,21.98,卖盘
002635,安洁科技,10:04:39,21.98,23200,21.98,买盘
002635,安洁科技,10:04:33,22.0,29005,21.99,买盘
002635,安洁科技,10:04:21,21.99,29800,22.01,卖盘
002635,安洁科技,10:04:09,22.05,47900,22.02,买盘
002635,安洁科技,10:03:54,22.05,37800,22.08,卖盘
002635,安洁科技,10:03:51,22.08,24500,22.08,卖盘
002635,安洁科技,10:03:48,22.08,53600,22.08,卖盘
002635,安洁科技,10:03:42,22.07,55500,22.08,卖盘
002635,安洁科技,10:03:39,22.08,31900,22.1,卖盘
002635,安洁科技,10:03:36,22.1,26600,22.11,卖盘
002635,安洁科技,10:03:33,22.11,23500,22.13,中性盘
002635,安洁科技,10:03:30,22.13,84400,22.11,买盘
002635,安洁科技,10:03:27,22.11,28000,22.11,买盘
002635,安洁科技,10:03:24,22.11,33200,22.13,中性盘
002635,安洁科技,10:03:21,22.13,24200,22.06,买盘
002635,安洁科技,10:03:18,22.06,50400,22.1,卖盘
002635,安洁科技,10:03:12,22.14,192100,21.98,买盘
002635,安洁科技,10:03:09,21.98,150500,21.98,卖盘
002635,安洁科技,10:03:06,21.98,39200,21.98,买盘
002635,安洁科技,10:03:03,21.98,58700,21.96,买盘
002635,安洁科技,10:02:57,21.95,53400,21.95,卖盘
002635,安洁科技,10:02:51,21.95,72300,21.94,买盘
002635,安洁科技,10:02:48,21.94,46700,21.95,卖盘
002635,安洁科技,10:02:45,21.95,59900,21.94,买盘
002635,安洁科技,10:02:39,21.94,31500,21.94,卖盘
002635,安洁科技,10:02:27,21.93,30200,21.92,卖盘
002635,安洁科技,10:02:03,21.9,31600,21.91,卖盘
002635,安洁科技,10:01:57,21.9,29200,21.89,中性盘
002635,安洁科技,10:01:54,21.89,60500,21.89,卖盘
002635,安洁科技,10:01:51,21.89,29800,21.9,卖盘
002635,安洁科技,10:01:42,21.9,26500,21.88,买盘
002635,安洁科技,10:01:30,21.91,24300,21.9,买盘
002635,安洁科技,10:01:21,21.95,23500,21.93,买盘
002635,安洁科技,10:01:15,21.95,50300,21.95,买盘
002635,安洁科技,10:01:12,21.95,44300,21.96,卖盘
002635,安洁科技,10:01:09,21.96,68600,21.96,卖盘
002635,安洁科技,10:01:06,21.96,33400,21.96,中性盘
002635,安洁科技,10:01:00,21.97,27300,21.97,卖盘
002635,安洁科技,10:00:57,21.97,29100,21.97,卖盘
002635,安洁科技,10:00:54,21.97,61300,21.97,卖盘
002635,安洁科技,10:00:51,21.97,45100,21.97,卖盘
002635,安洁科技,10:00:48,21.97,35700,21.96,买盘
002635,安洁科技,10:00:45,21.96,23700,21.96,卖盘
002635,安洁科技,10:00:42,21.96,25200,21.95,买盘
002635,安洁科技,10:00:39,21.95,51100,21.89,买盘
002635,安洁科技,10:00:36,21.89,32300,21.88,买盘
002635,安洁科技,10:00:33,21.88,71200,21.86,买盘
002635,安洁科技,10:00:15,21.81,173400,21.77,买盘
002635,安洁科技,10:00:09,21.75,72378,21.77,卖盘
002635,安洁科技,10:00:06,21.77,53700,21.76,买盘
002635,安洁科技,10:00:03,21.76,42900,21.75,买盘
002635,安洁科技,10:00:00,21.75,32900,21.74,买盘
002635,安洁科技,09:59:42,21.72,28000,21.71,买盘
002635,安洁科技,09:59:21,21.7,34000,21.71,买盘
002635,安洁科技,09:59:09,21.7,26800,21.7,买盘
002635,安洁科技,09:59:06,21.7,23700,21.69,买盘
002635,安洁科技,09:59:00,21.69,212200,21.65,买盘
002635,安洁科技,09:58:21,21.71,59700,21.71,买盘
002635,安洁科技,09:58:15,21.72,39700,21.71,买盘
002635,安洁科技,09:58:09,21.71,35500,21.71,卖盘
002635,安洁科技,09:58:06,21.71,25600,21.71,卖盘
002635,安洁科技,09:58:00,21.73,111000,21.68,买盘
002635,安洁科技,09:57:57,21.68,32800,21.68,卖盘
002635,安洁科技,09:57:54,21.68,69300,21.68,买盘
002635,安洁科技,09:57:45,21.68,43600,21.65,买盘
002635,安洁科技,09:57:39,21.65,44900,21.65,买盘
002635,安洁科技,09:57:33,21.63,67000,21.64,卖盘
002635,安洁科技,09:57:30,21.64,135400,21.6,买盘
002635,安洁科技,09:57:18,21.6,83300,21.59,买盘
002635,安洁科技,09:57:15,21.59,168700,21.57,买盘
002635,安洁科技,09:57:12,21.57,31900,21.56,买盘
002635,安洁科技,09:56:57,21.55,30800,21.53,买盘
002635,安洁科技,09:55:15,21.63,40200,21.64,中性盘
002635,安洁科技,09:55:06,21.64,63200,21.64,卖盘
002635,安洁科技,09:55:03,21.64,26800,21.65,中性盘
002635,安洁科技,09:55:00,21.65,23500,21.63,买盘
002635,安洁科技,09:54:51,21.6,44100,21.6,卖盘
002635,安洁科技,09:54:45,21.6,35800,21.61,中性盘
002635,安洁科技,09:54:15,21.55,72200,21.56,卖盘
002635,安洁科技,09:53:00,21.6,27100,21.6,买盘
002635,安洁科技,09:52:57,21.6,74300,21.6,卖盘
002635,安洁科技,09:52:54,21.6,32400,21.6,买盘
002635,安洁科技,09:52:42,21.58,39100,21.62,卖盘
002635,安洁科技,09:52:39,21.62,42300,21.59,买盘
002635,安洁科技,09:52:21,21.64,37700,21.62,买盘
002635,安洁科技,09:52:15,21.62,26900,21.6,卖盘
002635,安洁科技,09:52:09,21.6,101100,21.59,买盘
002635,安洁科技,09:52:06,21.59,51506,21.58,买盘
002635,安洁科技,09:52:00,21.58,43700,21.57,买盘
002635,安洁科技,09:51:45,21.57,60500,21.57,买盘
002635,安洁科技,09:51:33,21.55,51200,21.54,买盘
002635,安洁科技,09:51:27,21.54,42600,21.53,买盘
002635,安洁科技,09:51:24,21.53,24700,21.5,买盘
002635,安洁科技,09:51:21,21.5,38500,21.49,买盘
002635,安洁科技,09:51:18,21.49,69300,21.49,卖盘
002635,安洁科技,09:51:15,21.49,49800,21.48,买盘
002635,安洁科技,09:51:12,21.48,26900,21.47,买盘
002635,安洁科技,09:51:03,21.44,24200,21.44,卖盘
002635,安洁科技,09:50:06,21.47,45100,21.47,卖盘
002635,安洁科技,09:48:48,21.5,111500,21.48,买盘
002635,安洁科技,09:48:27,21.5,55700,21.48,买盘
002635,安洁科技,09:47:48,21.51,65000,21.5,中性盘
002635,安洁科技,09:47:42,21.5,70000,21.48,买盘
002635,安洁科技,09:47:12,21.49,44200,21.45,买盘
002635,安洁科技,09:47:06,21.45,33400,21.51,卖盘
002635,安洁科技,09:47:03,21.51,24100,21.52,中性盘
002635,安洁科技,09:47:00,21.52,25900,21.5,买盘
002635,安洁科技,09:46:57,21.5,25100,21.5,卖盘
002635,安洁科技,09:46:54,21.5,84700,21.5,买盘
002635,安洁科技,09:46:48,21.5,61200,21.49,买盘
002635,安洁科技,09:46:39,21.5,23600,21.49,买盘
002635,安洁科技,09:46:36,21.49,35400,21.49,买盘
002635,安洁科技,09:46:30,21.48,29800,21.48,卖盘
002635,安洁科技,09:46:24,21.48,42600,21.45,买盘
002635,安洁科技,09:46:18,21.43,98800,21.42,买盘
002635,安洁科技,09:45:45,21.43,57900,21.41,买盘
002635,安洁科技,09:44:54,21.45,37200,21.45,卖盘
002635,安洁科技,09:44:33,21.42,35700,21.41,买盘
002635,安洁科技,09:44:21,21.45,25700,21.46,卖盘
002635,安洁科技,09:44:18,21.46,42700,21.48,卖盘
002635,安洁科技,09:43:54,21.5,25400,21.47,买盘
002635,安洁科技,09:43:27,21.4,56600,21.37,买盘
002635,安洁科技,09:42:21,21.4,53000,21.39,买盘
002635,安洁科技,09:41:57,21.41,50700,21.39,买盘
002635,安洁科技,09:41:27,21.31,24700,21.28,买盘
002635,安洁科技,09:41:24,21.28,29300,21.26,买盘
002635,安洁科技,09:40:30,21.32,39100,21.3,买盘
002635,安洁科技,09:40:09,21.3,28700,21.27,买盘
002635,安洁科技,09:38:36,21.37,40500,21.4,卖盘
002635,安洁科技,09:38:21,21.4,23800,21.38,中性盘
002635,安洁科技,09:38:00,21.45,29700,21.42,买盘
002635,安洁科技,09:37:54,21.42,23600,21.42,买盘
002635,安洁科技,09:37:42,21.41,25700,21.41,买盘
002635,安洁科技,09:37:39,21.41,34300,21.39,买盘
002635,安洁科技,09:37:33,21.38,28700,21.38,买盘
002635,安洁科技,09:37:30,21.38,52000,21.38,买盘
002635,安洁科技,09:37:18,21.38,35300,21.37,买盘
002635,安洁科技,09:37:15,21.37,27200,21.39,卖盘
002635,安洁科技,09:36:57,21.37,25400,21.39,卖盘
002635,安洁科技,09:36:48,21.4,28100,21.4,卖盘
002635,安洁科技,09:36:39,21.41,24700,21.41,卖盘
002635,安洁科技,09:36:30,21.42,41600,21.41,买盘
002635,安洁科技,09:36:24,21.43,77000,21.42,买盘
002635,安洁科技,09:36:21,21.42,54100,21.43,卖盘
002635,安洁科技,09:36:15,21.44,23500,21.43,中性盘
002635,安洁科技,09:36:12,21.43,61400,21.5,卖盘
002635,安洁科技,09:36:09,21.5,28500,21.5,卖盘
002635,安洁科技,09:36:06,21.5,92400,21.53,卖盘
002635,安洁科技,09:36:00,21.53,50700,21.52,中性盘
002635,安洁科技,09:35:51,21.52,39600,21.54,卖盘
002635,安洁科技,09:35:48,21.54,54394,21.58,卖盘
002635,安洁科技,09:35:45,21.58,60300,21.56,买盘
002635,安洁科技,09:35:42,21.56,62506,21.53,买盘
002635,安洁科技,09:35:24,21.5,106400,21.46,买盘
002635,安洁科技,09:35:18,21.46,28400,21.48,卖盘
002635,安洁科技,09:35:15,21.48,30000,21.45,买盘
002635,安洁科技,09:35:09,21.45,35900,21.44,买盘
002635,安洁科技,09:35:06,21.44,40800,21.44,卖盘
002635,安洁科技,09:35:03,21.44,48600,21.41,买盘
002635,安洁科技,09:35:00,21.41,48800,21.43,卖盘
002635,安洁科技,09:34:54,21.43,36100,21.41,买盘
002635,安洁科技,09:34:51,21.41,39500,21.44,卖盘
002635,安洁科技,09:34:42,21.43,28900,21.43,卖盘
002635,安洁科技,09:34:24,21.4,39000,21.35,买盘
002635,安洁科技,09:34:21,21.35,121900,21.35,卖盘
002635,安洁科技,09:34:18,21.35,51300,21.35,卖盘
002635,安洁科技,09:34:12,21.35,115800,21.34,买盘
002635,安洁科技,09:33:45,21.36,52800,21.33,买盘
002635,安洁科技,09:33:42,21.33,39000,21.34,卖盘
002635,安洁科技,09:33:33,21.35,59600,21.37,卖盘
002635,安洁科技,09:33:30,21.37,44300,21.36,买盘
002635,安洁科技,09:33:24,21.36,36600,21.34,买盘
002635,安洁科技,09:33:21,21.34,30900,21.35,卖盘
002635,安洁科技,09:33:06,21.31,24800,21.3,买盘
002635,安洁科技,09:33:03,21.3,45800,21.29,买盘
002635,安洁科技,09:33:00,21.29,23500,21.28,买盘
002635,安洁科技,09:32:51,21.25,38700,21.26,卖盘
002635,安洁科技,09:32:30,21.23,124000,21.23,买盘
002635,安洁科技,09:32:27,21.23,34100,21.23,买盘
002635,安洁科技,09:32:24,21.23,52400,21.25,卖盘
002635,安洁科技,09:32:21,21.25,34900,21.26,卖盘
002635,安洁科技,09:32:06,21.24,28200,21.22,买盘
002635,安洁科技,09:31:51,21.2,56500,21.2,买盘
002635,安洁科技,09:31:48,21.2,26100,21.16,买盘
002635,安洁科技,09:31:36,21.25,41300,21.24,买盘
002635,安洁科技,09:30:57,21.14,38400,21.09,买盘
002635,安洁科技,09:30:54,21.09,65300,21.14,卖盘
002635,安洁科技,09:30:06,21.03,50900,21.03,卖盘
002635,安洁科技,09:30:03,21.03,168800,21.05,卖盘
002635,安洁科技,09:30:00,21.05,148000,21.01,买盘
002635,安洁科技,09:25:00,21.01,428100,0.0,卖盘
