code,name,time,price,volume,preprice,type
600511,国药股份,15:00:00,40.25,355704,40.25,买盘
600511,国药股份,14:56:58,40.25,18800,40.25,卖盘
600511,国药股份,14:56:55,40.25,27500,40.25,卖盘
600511,国药股份,14:56:52,40.25,45200,40.25,卖盘
600511,国药股份,14:56:49,40.25,31665,40.25,卖盘
600511,国药股份,14:56:46,40.25,512400,40.25,卖盘
600511,国药股份,14:56:43,40.25,15900,40.25,卖盘
600511,国药股份,14:56:31,40.25,13309,40.25,卖盘
600511,国药股份,14:56:28,40.25,37933,40.25,卖盘
600511,国药股份,14:56:25,40.25,49800,40.25,卖盘
600511,国药股份,14:56:22,40.25,17900,40.25,卖盘
600511,国药股份,14:56:19,40.25,73300,40.25,卖盘
600511,国药股份,14:56:16,40.25,44700,40.25,卖盘
600511,国药股份,14:56:13,40.25,47600,40.25,卖盘
600511,国药股份,14:56:10,40.25,27200,40.25,卖盘
600511,国药股份,14:56:07,40.25,14800,40.25,卖盘
600511,国药股份,14:56:04,40.25,143900,40.25,卖盘
600511,国药股份,14:56:01,40.25,77346,40.25,买盘
600511,国药股份,14:55:58,40.25,622800,40.25,买盘
600511,国药股份,14:55:55,40.25,157700,40.25,买盘
600511,国药股份,14:55:52,40.25,399400,40.24,买盘
600511,国药股份,14:55:49,40.24,283200,40.24,买盘
600511,国药股份,14:55:46,40.24,236400,40.22,买盘
600511,国药股份,14:55:43,40.22,26800,40.21,买盘
600511,国药股份,14:55:40,40.21,29100,40.2,买盘
600511,国药股份,14:55:37,40.2,57500,40.2,买盘
600511,国药股份,14:55:34,40.2,151900,40.1,买盘
600511,国药股份,14:55:31,40.1,19300,40.09,买盘
600511,国药股份,14:55:28,40.09,15900,40.02,买盘
600511,国药股份,14:55:25,40.02,18990,40.0,买盘
600511,国药股份,14:55:22,40.0,77900,40.0,买盘
600511,国药股份,14:55:19,40.0,13800,39.98,买盘
600511,国药股份,14:55:16,39.98,128700,39.96,买盘
600511,国药股份,14:55:13,39.96,22200,39.96,买盘
600511,国药股份,14:55:04,39.9,20000,39.89,买盘
600511,国药股份,14:55:01,39.89,14900,39.89,买盘
600511,国药股份,14:54:58,39.89,19900,39.88,买盘
600511,国药股份,14:54:55,39.88,36000,39.88,买盘
600511,国药股份,14:54:52,39.88,17000,39.87,买盘
600511,国药股份,14:54:46,39.85,31300,39.84,买盘
600511,国药股份,14:54:34,39.8,46900,39.8,买盘
600511,国药股份,14:54:31,39.8,33800,39.8,买盘
600511,国药股份,14:54:22,39.78,20600,39.76,买盘
600511,国药股份,14:54:16,39.73,25900,39.75,卖盘
600511,国药股份,14:54:10,39.7,54100,39.7,卖盘
600511,国药股份,14:54:07,39.7,21900,39.7,卖盘
600511,国药股份,14:54:04,39.7,19000,39.71,中性盘
600511,国药股份,14:54:01,39.71,21300,39.69,买盘
600511,国药股份,14:53:58,39.69,19800,39.67,买盘
600511,国药股份,14:53:55,39.67,17600,39.68,卖盘
600511,国药股份,14:53:49,39.68,31600,39.66,买盘
600511,国药股份,14:53:46,39.66,14200,39.68,卖盘
600511,国药股份,14:53:34,39.6,18400,39.6,卖盘
600511,国药股份,14:53:28,39.6,21800,39.61,卖盘
600511,国药股份,14:53:25,39.61,25900,39.6,买盘
600511,国药股份,14:53:22,39.6,24800,39.6,买盘
600511,国药股份,14:53:19,39.6,65100,39.59,买盘
600511,国药股份,14:53:16,39.59,19500,39.6,卖盘
600511,国药股份,14:53:13,39.6,45500,39.6,买盘
600511,国药股份,14:53:10,39.6,22800,39.59,买盘
600511,国药股份,14:53:07,39.59,49900,39.59,买盘
600511,国药股份,14:52:58,39.6,31500,39.58,买盘
600511,国药股份,14:52:52,39.56,13300,39.56,卖盘
600511,国药股份,14:52:43,39.52,19000,39.55,卖盘
600511,国药股份,14:52:25,39.51,19800,39.5,买盘
600511,国药股份,14:52:16,39.5,36900,39.5,买盘
600511,国药股份,14:52:13,39.5,21500,39.5,买盘
600511,国药股份,14:52:07,39.5,13100,39.49,买盘
600511,国药股份,14:52:04,39.49,15500,39.5,卖盘
600511,国药股份,14:51:58,39.5,13837,39.49,买盘
600511,国药股份,14:51:55,39.49,13200,39.49,买盘
600511,国药股份,14:51:49,39.46,36500,39.45,中性盘
600511,国药股份,14:51:43,39.45,15838,39.44,买盘
600511,国药股份,14:51:31,39.44,15100,39.42,买盘
600511,国药股份,14:51:16,39.37,15500,39.39,卖盘
600511,国药股份,14:51:10,39.37,25400,39.38,卖盘
600511,国药股份,14:50:46,39.32,14500,39.31,中性盘
600511,国药股份,14:50:40,39.29,20300,39.31,卖盘
600511,国药股份,14:50:28,39.28,13200,39.25,买盘
600511,国药股份,14:50:22,39.23,15700,39.23,买盘
600511,国药股份,14:50:16,39.22,19700,39.22,卖盘
600511,国药股份,14:50:10,39.2,14000,39.2,卖盘
600511,国药股份,14:49:55,39.16,17700,39.18,卖盘
600511,国药股份,14:49:49,39.17,15300,39.16,买盘
600511,国药股份,14:49:43,39.15,49300,39.15,卖盘
600511,国药股份,14:49:40,39.15,14100,39.1,买盘
600511,国药股份,14:49:25,39.03,13800,39.02,买盘
600511,国药股份,14:49:16,39.02,14600,39.02,买盘
600511,国药股份,14:48:55,39.0,17800,39.0,买盘
600511,国药股份,14:48:28,38.94,13800,38.93,买盘
600511,国药股份,14:47:55,38.85,24500,38.85,买盘
600511,国药股份,14:47:52,38.85,20300,38.85,买盘
600511,国药股份,14:47:28,38.81,18600,38.8,买盘
600511,国药股份,14:47:19,38.8,13830,38.8,买盘
600511,国药股份,14:46:58,38.76,14600,38.75,买盘
600511,国药股份,14:46:46,38.71,43000,38.75,卖盘
600511,国药股份,14:46:07,38.81,13300,38.8,买盘
600511,国药股份,14:45:55,38.82,23700,38.82,卖盘
600511,国药股份,14:44:40,38.98,14800,38.99,卖盘
600511,国药股份,14:44:28,38.99,33500,39.0,卖盘
600511,国药股份,14:44:25,39.0,23500,39.0,卖盘
600511,国药股份,14:44:22,39.0,22000,39.0,卖盘
600511,国药股份,14:44:19,39.0,31400,39.02,卖盘
600511,国药股份,14:43:25,39.09,29100,39.1,卖盘
600511,国药股份,14:43:13,39.05,14600,39.08,卖盘
600511,国药股份,14:43:04,39.07,14000,39.08,卖盘
600511,国药股份,14:42:34,39.15,14600,39.08,买盘
600511,国药股份,14:42:25,39.1,13100,39.07,买盘
600511,国药股份,14:42:19,39.14,20600,39.13,买盘
600511,国药股份,14:41:55,39.15,14600,39.15,中性盘
600511,国药股份,14:41:28,39.16,14400,39.18,卖盘
600511,国药股份,14:41:10,39.21,15547,39.2,买盘
600511,国药股份,14:40:58,39.2,13700,39.16,买盘
600511,国药股份,14:40:46,39.2,14200,39.21,卖盘
600511,国药股份,14:40:31,39.23,38900,39.21,买盘
600511,国药股份,14:40:13,39.23,16100,39.22,买盘
600511,国药股份,14:40:07,39.2,13000,39.25,卖盘
600511,国药股份,14:39:49,39.18,18100,39.18,卖盘
600511,国药股份,14:39:46,39.18,15000,39.16,买盘
600511,国药股份,14:39:34,39.16,16800,39.16,买盘
600511,国药股份,14:39:19,39.15,22000,39.13,买盘
600511,国药股份,14:39:13,39.07,20800,39.07,卖盘
600511,国药股份,14:39:04,39.02,13000,39.03,卖盘
600511,国药股份,14:38:19,39.1,26900,39.1,卖盘
600511,国药股份,14:37:58,39.23,22700,39.24,中性盘
600511,国药股份,14:36:49,39.5,14000,39.58,卖盘
600511,国药股份,14:36:46,39.58,25000,39.58,买盘
600511,国药股份,14:36:37,39.59,24600,39.6,卖盘
600511,国药股份,14:36:31,39.6,27300,39.6,卖盘
600511,国药股份,14:36:25,39.6,15600,39.6,卖盘
600511,国药股份,14:36:19,39.6,24300,39.59,买盘
600511,国药股份,14:36:16,39.59,36200,39.58,买盘
600511,国药股份,14:36:04,39.57,35300,39.58,中性盘
600511,国药股份,14:36:01,39.58,21600,39.55,买盘
600511,国药股份,14:35:49,39.5,37500,39.51,卖盘
600511,国药股份,14:35:46,39.51,20600,39.5,买盘
600511,国药股份,14:35:43,39.5,21600,39.5,买盘
600511,国药股份,14:35:40,39.5,46900,39.5,买盘
600511,国药股份,14:35:37,39.5,24800,39.5,买盘
600511,国药股份,14:35:34,39.5,33400,39.49,买盘
600511,国药股份,14:35:31,39.49,26300,39.49,卖盘
600511,国药股份,14:35:28,39.49,21900,39.49,买盘
600511,国药股份,14:35:25,39.49,21200,39.49,卖盘
600511,国药股份,14:35:22,39.49,27700,39.5,中性盘
600511,国药股份,14:35:16,39.49,17900,39.48,买盘
600511,国药股份,14:35:13,39.48,14400,39.48,买盘
600511,国药股份,14:35:10,39.48,19300,39.47,买盘
600511,国药股份,14:35:04,39.45,12900,39.46,卖盘
600511,国药股份,14:34:49,39.4,15400,39.38,买盘
600511,国药股份,14:34:34,39.36,35500,39.35,买盘
600511,国药股份,14:34:31,39.35,21000,39.34,买盘
600511,国药股份,14:34:28,39.34,15300,39.32,买盘
600511,国药股份,14:34:25,39.32,19000,39.32,买盘
600511,国药股份,14:34:19,39.32,12900,39.3,买盘
600511,国药股份,14:34:16,39.3,14500,39.3,买盘
600511,国药股份,14:34:13,39.3,18800,39.29,买盘
600511,国药股份,14:34:10,39.29,18100,39.29,买盘
600511,国药股份,14:34:07,39.29,16200,39.29,买盘
600511,国药股份,14:34:01,39.28,15200,39.26,买盘
600511,国药股份,14:33:52,39.22,18200,39.22,买盘
600511,国药股份,14:33:49,39.22,13200,39.2,买盘
600511,国药股份,14:33:43,39.2,13700,39.19,买盘
600511,国药股份,14:33:37,39.18,14000,39.16,买盘
600511,国药股份,14:33:16,39.0,32600,39.0,买盘
600511,国药股份,14:33:13,39.0,15300,39.0,买盘
600511,国药股份,14:33:10,39.0,21600,38.98,买盘
600511,国药股份,14:33:07,38.98,35500,38.98,卖盘
600511,国药股份,14:33:04,38.98,21900,38.99,卖盘
600511,国药股份,14:32:58,38.98,45200,38.96,买盘
600511,国药股份,14:32:52,38.97,17500,38.97,买盘
600511,国药股份,14:32:46,38.95,21000,38.95,卖盘
600511,国药股份,14:32:43,38.95,15500,38.95,买盘
600511,国药股份,14:32:34,38.9,14500,38.92,卖盘
600511,国药股份,14:32:25,38.89,18501,38.87,买盘
600511,国药股份,14:32:07,38.83,21400,38.78,买盘
600511,国药股份,14:32:04,38.78,23400,38.8,卖盘
600511,国药股份,14:30:46,38.68,19400,38.7,卖盘
600511,国药股份,14:30:40,38.67,56100,38.68,卖盘
600511,国药股份,14:28:58,38.6,14300,38.6,买盘
600511,国药股份,14:28:43,38.59,15800,38.57,买盘
600511,国药股份,14:28:07,38.57,30100,38.57,卖盘
600511,国药股份,14:27:55,38.55,21700,38.55,卖盘
600511,国药股份,14:27:37,38.56,20000,38.55,买盘
600511,国药股份,14:27:34,38.55,13600,38.55,买盘
600511,国药股份,14:27:25,38.56,16300,38.56,买盘
600511,国药股份,14:26:40,38.51,13800,38.51,买盘
600511,国药股份,14:26:28,38.5,50900,38.49,买盘
600511,国药股份,14:26:10,38.5,17899,38.5,买盘
600511,国药股份,14:25:58,38.5,36900,38.49,买盘
600511,国药股份,14:25:28,38.5,17799,38.5,买盘
600511,国药股份,14:23:52,38.36,13300,38.35,买盘
600511,国药股份,14:23:19,38.32,24325,38.33,卖盘
600511,国药股份,14:23:01,38.3,19000,38.33,卖盘
600511,国药股份,14:22:28,38.37,15800,38.37,买盘
600511,国药股份,14:22:16,38.39,15700,38.42,卖盘
600511,国药股份,14:22:13,38.42,38100,38.4,买盘
600511,国药股份,14:21:28,38.5,52000,38.5,卖盘
600511,国药股份,14:20:31,38.58,33500,38.59,卖盘
600511,国药股份,14:20:28,38.59,15900,38.58,中性盘
600511,国药股份,14:20:10,38.63,13000,38.59,买盘
600511,国药股份,14:19:34,38.68,32600,38.69,卖盘
600511,国药股份,14:19:31,38.69,16100,38.69,卖盘
600511,国药股份,14:19:28,38.69,15200,38.69,卖盘
600511,国药股份,14:19:25,38.69,69700,38.67,买盘
600511,国药股份,14:19:19,38.64,16000,38.62,买盘
600511,国药股份,14:19:16,38.62,39800,38.67,卖盘
600511,国药股份,14:19:13,38.67,17300,38.69,中性盘
600511,国药股份,14:19:04,38.69,16100,38.68,买盘
600511,国药股份,14:18:58,38.67,44200,38.69,卖盘
600511,国药股份,14:18:40,38.67,23600,38.67,卖盘
600511,国药股份,14:18:37,38.67,14700,38.69,卖盘
600511,国药股份,14:18:34,38.69,25100,38.64,买盘
600511,国药股份,14:18:31,38.64,68000,38.65,卖盘
600511,国药股份,14:18:25,38.64,27500,38.66,卖盘
600511,国药股份,14:18:13,38.62,17800,38.62,买盘
600511,国药股份,14:18:10,38.62,55900,38.62,买盘
600511,国药股份,14:18:01,38.58,13300,38.59,卖盘
600511,国药股份,14:17:43,38.55,25300,38.55,买盘
600511,国药股份,14:17:19,38.49,50700,38.43,买盘
600511,国药股份,14:17:16,38.43,17500,38.43,卖盘
600511,国药股份,14:17:13,38.43,22300,38.43,卖盘
600511,国药股份,14:17:10,38.43,21600,38.42,买盘
600511,国药股份,14:17:07,38.42,47808,38.41,卖盘
600511,国药股份,14:16:16,38.27,13200,38.26,买盘
600511,国药股份,14:16:04,38.23,14100,38.23,卖盘
600511,国药股份,14:16:01,38.23,14300,38.23,买盘
600511,国药股份,14:15:55,38.23,20300,38.22,买盘
600511,国药股份,14:15:49,38.22,18000,38.22,卖盘
600511,国药股份,14:15:43,38.22,49600,38.22,买盘
600511,国药股份,14:15:40,38.22,18800,38.2,买盘
600511,国药股份,14:15:31,38.2,21700,38.2,买盘
600511,国药股份,14:15:28,38.2,27600,38.19,买盘
600511,国药股份,14:15:25,38.19,26900,38.18,卖盘
600511,国药股份,14:15:16,38.2,16400,38.2,买盘
600511,国药股份,14:15:13,38.2,44600,38.21,卖盘
600511,国药股份,14:15:10,38.21,20700,38.21,买盘
600511,国药股份,14:15:07,38.21,38100,38.22,卖盘
600511,国药股份,14:15:04,38.22,32200,38.21,买盘
600511,国药股份,14:15:01,38.21,59100,38.24,卖盘
600511,国药股份,14:14:58,38.24,14000,38.22,买盘
600511,国药股份,14:14:55,38.22,39900,38.23,卖盘
600511,国药股份,14:14:52,38.23,31900,38.21,中性盘
600511,国药股份,14:14:43,38.25,13300,38.25,买盘
600511,国药股份,14:14:40,38.25,15500,38.27,卖盘
600511,国药股份,14:14:37,38.27,19900,38.27,卖盘
600511,国药股份,14:14:31,38.26,24400,38.27,卖盘
600511,国药股份,14:14:16,38.33,17100,38.31,买盘
600511,国药股份,14:13:52,38.38,21000,38.39,卖盘
600511,国药股份,14:13:43,38.42,39800,38.4,买盘
600511,国药股份,14:13:40,38.4,18400,38.43,卖盘
600511,国药股份,14:13:34,38.42,13400,38.44,卖盘
600511,国药股份,14:13:01,38.48,15200,38.48,买盘
600511,国药股份,14:12:58,38.48,35984,38.5,卖盘
600511,国药股份,14:12:55,38.5,25500,38.51,卖盘
600511,国药股份,14:12:49,38.51,31500,38.51,买盘
600511,国药股份,14:12:46,38.51,30600,38.5,卖盘
600511,国药股份,14:12:43,38.5,126900,38.54,卖盘
600511,国药股份,14:12:40,38.54,20200,38.53,买盘
600511,国药股份,14:12:34,38.55,112700,38.54,买盘
600511,国药股份,14:12:07,38.56,30100,38.56,买盘
600511,国药股份,14:12:01,38.56,15400,38.58,卖盘
600511,国药股份,14:11:31,38.59,18600,38.59,卖盘
600511,国药股份,14:11:28,38.59,18300,38.6,卖盘
600511,国药股份,14:11:19,38.6,14600,38.61,卖盘
600511,国药股份,14:10:55,38.62,17300,38.63,卖盘
600511,国药股份,14:10:49,38.63,39700,38.63,买盘
600511,国药股份,14:10:46,38.63,31400,38.65,卖盘
600511,国药股份,14:10:28,38.62,50500,38.64,卖盘
600511,国药股份,14:10:19,38.62,23500,38.62,卖盘
600511,国药股份,14:10:13,38.62,38800,38.61,买盘
600511,国药股份,14:10:07,38.62,13600,38.61,买盘
600511,国药股份,14:10:04,38.61,17600,38.62,卖盘
600511,国药股份,14:10:01,38.62,53600,38.65,卖盘
600511,国药股份,14:09:58,38.65,19900,38.65,买盘
600511,国药股份,14:09:55,38.65,13700,38.64,买盘
600511,国药股份,14:09:52,38.64,42600,38.62,中性盘
600511,国药股份,14:09:43,38.62,20000,38.62,买盘
600511,国药股份,14:09:40,38.62,18100,38.62,买盘
600511,国药股份,14:09:19,38.66,37800,38.62,买盘
600511,国药股份,14:09:13,38.66,33800,38.67,中性盘
600511,国药股份,14:09:07,38.67,18800,38.66,买盘
600511,国药股份,14:08:34,38.7,15700,38.71,卖盘
600511,国药股份,14:07:49,38.8,22500,38.82,卖盘
600511,国药股份,14:07:01,38.9,16800,38.91,卖盘
600511,国药股份,14:06:55,38.93,13100,38.93,买盘
600511,国药股份,14:06:25,38.95,14400,38.97,卖盘
600511,国药股份,14:06:13,38.98,21400,38.97,买盘
600511,国药股份,14:05:55,38.96,17200,38.98,卖盘
600511,国药股份,14:05:52,38.98,21400,38.96,买盘
600511,国药股份,14:05:40,38.97,18800,38.96,买盘
600511,国药股份,14:05:37,38.96,14900,38.97,卖盘
600511,国药股份,14:05:28,38.97,16200,38.98,卖盘
600511,国药股份,14:04:52,38.94,17800,38.93,买盘
600511,国药股份,14:04:49,38.93,16100,38.94,卖盘
600511,国药股份,14:04:28,38.83,22300,38.86,卖盘
600511,国药股份,14:04:22,38.84,19900,38.84,买盘
600511,国药股份,14:04:01,38.79,13400,38.78,买盘
600511,国药股份,14:03:49,38.71,13800,38.71,买盘
600511,国药股份,14:03:46,38.71,13100,38.7,买盘
600511,国药股份,14:03:43,38.7,18400,38.7,买盘
600511,国药股份,14:03:28,38.66,29300,38.62,买盘
600511,国药股份,14:03:16,38.6,17283,38.59,买盘
600511,国药股份,14:03:13,38.59,18000,38.6,卖盘
600511,国药股份,14:03:04,38.59,14600,38.58,买盘
600511,国药股份,14:02:52,38.58,23600,38.53,买盘
600511,国药股份,14:02:49,38.53,24600,38.58,卖盘
600511,国药股份,14:02:43,38.52,33000,38.55,卖盘
600511,国药股份,14:02:37,38.53,49301,38.53,买盘
600511,国药股份,14:02:34,38.53,19200,38.55,卖盘
600511,国药股份,14:02:31,38.55,29700,38.55,买盘
600511,国药股份,14:02:28,38.55,20800,38.52,买盘
600511,国药股份,14:02:19,38.56,25400,38.55,买盘
600511,国药股份,14:02:16,38.55,21300,38.55,买盘
600511,国药股份,14:02:13,38.55,35215,38.57,卖盘
600511,国药股份,14:02:10,38.57,17900,38.57,买盘
600511,国药股份,14:02:04,38.58,22800,38.59,卖盘
600511,国药股份,14:01:58,38.59,20900,38.59,买盘
600511,国药股份,14:01:55,38.59,30000,38.6,卖盘
600511,国药股份,14:01:49,38.6,15736,38.61,卖盘
600511,国药股份,14:01:43,38.61,39000,38.6,买盘
600511,国药股份,14:01:40,38.6,17500,38.61,卖盘
600511,国药股份,14:01:34,38.61,15000,38.64,卖盘
600511,国药股份,14:01:31,38.64,14100,38.64,买盘
600511,国药股份,14:01:28,38.64,20100,38.68,卖盘
600511,国药股份,14:01:25,38.68,21400,38.68,买盘
600511,国药股份,14:01:22,38.68,28100,38.69,买盘
600511,国药股份,14:01:19,38.69,16713,38.7,卖盘
600511,国药股份,14:01:04,38.71,14900,38.72,卖盘
600511,国药股份,14:00:49,38.78,18300,38.8,卖盘
600511,国药股份,14:00:43,38.8,78413,38.81,卖盘
600511,国药股份,14:00:37,38.82,14200,38.82,卖盘
600511,国药股份,14:00:34,38.82,20587,38.84,卖盘
600511,国药股份,14:00:25,38.85,102700,38.9,卖盘
600511,国药股份,14:00:22,38.9,36400,38.9,买盘
600511,国药股份,14:00:19,38.9,52473,38.91,卖盘
600511,国药股份,14:00:16,38.91,43400,38.9,买盘
600511,国药股份,14:00:13,38.9,63827,38.9,卖盘
600511,国药股份,14:00:07,38.9,26900,38.91,卖盘
600511,国药股份,14:00:04,38.91,21300,38.93,卖盘
600511,国药股份,13:59:58,38.94,24700,38.93,中性盘
600511,国药股份,13:59:52,38.94,19500,38.96,卖盘
600511,国药股份,13:59:49,38.96,34400,38.97,卖盘
600511,国药股份,13:59:40,38.97,17700,38.98,卖盘
600511,国药股份,13:59:37,38.98,17900,38.99,卖盘
600511,国药股份,13:59:28,39.0,253685,39.01,卖盘
600511,国药股份,13:59:25,39.01,22000,39.01,买盘
600511,国药股份,13:59:22,39.01,19000,39.0,卖盘
600511,国药股份,13:59:19,39.0,410300,39.04,卖盘
600511,国药股份,13:59:07,39.05,35800,39.06,卖盘
600511,国药股份,13:59:04,39.06,31000,39.09,卖盘
600511,国药股份,13:59:01,39.09,15100,39.09,买盘
600511,国药股份,13:58:58,39.09,17600,39.09,卖盘
600511,国药股份,13:58:52,39.1,28300,39.12,卖盘
600511,国药股份,13:58:49,39.12,57500,39.12,卖盘
600511,国药股份,13:58:43,39.13,19700,39.15,卖盘
600511,国药股份,13:58:37,39.14,23900,39.15,卖盘
600511,国药股份,13:58:25,39.17,24873,39.19,卖盘
600511,国药股份,13:58:16,39.19,18500,39.19,买盘
600511,国药股份,13:57:43,39.2,56000,39.2,卖盘
600511,国药股份,13:57:13,39.22,19500,39.23,卖盘
600511,国药股份,13:56:55,39.22,16400,39.23,卖盘
600511,国药股份,13:56:34,39.23,51100,39.25,卖盘
600511,国药股份,13:56:31,39.25,20200,39.24,买盘
600511,国药股份,13:56:22,39.23,20700,39.24,卖盘
600511,国药股份,13:55:52,39.24,44400,39.25,卖盘
600511,国药股份,13:55:37,39.24,14695,39.25,卖盘
600511,国药股份,13:55:10,39.25,39595,39.26,卖盘
600511,国药股份,13:52:46,39.26,20700,39.26,买盘
600511,国药股份,13:52:01,39.25,19200,39.26,卖盘
600511,国药股份,13:51:40,39.26,19600,39.25,买盘
600511,国药股份,13:49:28,39.28,21200,39.28,卖盘
600511,国药股份,13:48:31,39.23,30000,39.25,卖盘
600511,国药股份,13:47:55,39.24,17700,39.23,买盘
600511,国药股份,13:46:52,39.23,31600,39.25,卖盘
600511,国药股份,13:46:13,39.23,39500,39.23,卖盘
600511,国药股份,13:44:28,39.25,15200,39.25,卖盘
600511,国药股份,13:42:04,39.26,19901,39.29,卖盘
600511,国药股份,13:41:46,39.28,14400,39.28,买盘
600511,国药股份,13:41:40,39.29,18200,39.28,买盘
600511,国药股份,13:41:25,39.29,30201,39.26,买盘
600511,国药股份,13:40:46,39.23,26500,39.25,卖盘
600511,国药股份,13:39:52,39.2,19500,39.22,卖盘
600511,国药股份,13:39:46,39.22,17400,39.21,买盘
600511,国药股份,13:39:40,39.2,23400,39.22,卖盘
600511,国药股份,13:39:34,39.2,14600,39.2,卖盘
600511,国药股份,13:39:22,39.21,20100,39.22,卖盘
600511,国药股份,13:39:07,39.23,21100,39.23,买盘
600511,国药股份,13:38:31,39.25,13700,39.22,买盘
600511,国药股份,13:37:43,39.24,20000,39.26,卖盘
600511,国药股份,13:37:34,39.29,26000,39.27,买盘
600511,国药股份,13:37:13,39.25,27300,39.29,卖盘
600511,国药股份,13:37:07,39.26,55300,39.27,卖盘
600511,国药股份,13:36:07,39.28,15800,39.3,买盘
600511,国药股份,13:35:37,39.3,14900,39.3,买盘
600511,国药股份,13:34:46,39.28,19300,39.32,卖盘
600511,国药股份,13:34:43,39.32,18400,39.32,买盘
600511,国药股份,13:34:31,39.29,16200,39.28,买盘
600511,国药股份,13:34:01,39.36,68900,39.28,买盘
600511,国药股份,13:33:37,39.28,84100,39.33,卖盘
600511,国药股份,13:33:34,39.33,26800,39.31,买盘
600511,国药股份,13:33:07,39.3,30500,39.33,卖盘
600511,国药股份,13:32:40,39.31,27100,39.35,卖盘
600511,国药股份,13:32:37,39.35,38600,39.35,买盘
600511,国药股份,13:31:55,39.28,16100,39.33,卖盘
600511,国药股份,13:31:22,39.3,12900,39.28,买盘
600511,国药股份,13:30:13,39.26,17600,39.26,买盘
600511,国药股份,13:29:37,39.25,14800,39.25,卖盘
600511,国药股份,13:29:22,39.25,30800,39.26,卖盘
600511,国药股份,13:29:04,39.25,27200,39.25,卖盘
600511,国药股份,13:28:31,39.26,25900,39.25,买盘
600511,国药股份,13:26:52,39.3,33400,39.33,卖盘
600511,国药股份,13:26:10,39.39,13400,39.37,买盘
600511,国药股份,13:25:43,39.4,15300,39.4,买盘
600511,国药股份,13:24:40,39.45,14900,39.45,买盘
600511,国药股份,13:24:37,39.45,15300,39.45,买盘
600511,国药股份,13:24:25,39.44,29500,39.45,卖盘
600511,国药股份,13:24:13,39.45,18800,39.45,买盘
600511,国药股份,13:23:52,39.45,28000,39.4,买盘
600511,国药股份,13:23:49,39.4,21600,39.43,卖盘
600511,国药股份,13:22:40,39.35,16100,39.35,买盘
600511,国药股份,13:21:49,39.31,21100,39.3,买盘
600511,国药股份,13:21:40,39.31,15500,39.29,买盘
600511,国药股份,13:21:37,39.29,16100,39.29,卖盘
600511,国药股份,13:21:04,39.27,14800,39.27,买盘
600511,国药股份,13:20:34,39.23,27200,39.25,卖盘
600511,国药股份,13:20:28,39.23,14800,39.24,卖盘
600511,国药股份,13:20:25,39.24,15200,39.23,买盘
600511,国药股份,13:19:40,39.2,15200,39.2,买盘
600511,国药股份,13:19:01,39.19,19000,39.19,买盘
600511,国药股份,13:18:55,39.19,19400,39.21,卖盘
600511,国药股份,13:18:52,39.21,13200,39.2,买盘
600511,国药股份,13:18:37,39.2,40800,39.18,买盘
600511,国药股份,13:17:46,39.17,16500,39.17,买盘
600511,国药股份,13:16:18,39.16,17100,39.16,买盘
600511,国药股份,13:16:07,39.16,21400,39.16,买盘
600511,国药股份,13:15:19,39.17,18600,39.17,买盘
600511,国药股份,13:14:37,39.18,15900,39.18,卖盘
600511,国药股份,13:14:04,39.21,16300,39.2,买盘
600511,国药股份,13:13:58,39.2,45000,39.21,卖盘
600511,国药股份,13:12:42,39.31,19700,39.29,买盘
600511,国药股份,13:12:37,39.29,14000,39.31,卖盘
600511,国药股份,13:12:25,39.31,18800,39.31,卖盘
600511,国药股份,13:12:19,39.32,15900,39.32,买盘
600511,国药股份,13:11:46,39.31,27100,39.31,买盘
600511,国药股份,13:11:33,39.31,14900,39.33,卖盘
600511,国药股份,13:10:43,39.38,24100,39.39,卖盘
600511,国药股份,13:10:10,39.41,16200,39.42,卖盘
600511,国药股份,13:09:28,39.41,17000,39.43,卖盘
600511,国药股份,13:08:58,39.45,27400,39.44,买盘
600511,国药股份,13:08:22,39.44,13100,39.45,卖盘
600511,国药股份,13:07:36,39.44,22600,39.44,买盘
600511,国药股份,13:06:58,39.4,17700,39.4,卖盘
600511,国药股份,13:06:06,39.31,56100,39.38,卖盘
600511,国药股份,13:05:37,39.34,103300,39.34,卖盘
600511,国药股份,13:05:28,39.36,38600,39.36,买盘
600511,国药股份,13:04:46,39.41,34600,39.4,买盘
600511,国药股份,13:04:37,39.44,16300,39.44,卖盘
600511,国药股份,13:03:06,39.61,105073,39.64,卖盘
600511,国药股份,13:02:46,39.6,12800,39.65,卖盘
600511,国药股份,13:01:43,39.69,28800,39.71,卖盘
600511,国药股份,13:01:34,39.71,38000,39.72,卖盘
600511,国药股份,13:01:31,39.72,24700,39.71,买盘
600511,国药股份,13:01:22,39.72,43700,39.72,卖盘
600511,国药股份,13:01:10,39.72,46000,39.72,买盘
600511,国药股份,13:00:46,39.66,36427,39.5,买盘
600511,国药股份,13:00:40,39.5,161473,39.7,卖盘
600511,国药股份,13:00:34,39.7,20100,39.7,卖盘
600511,国药股份,13:00:27,39.71,14300,39.66,买盘
600511,国药股份,13:00:07,39.61,48527,39.6,中性盘
600511,国药股份,13:00:04,39.6,386900,39.58,买盘
600511,国药股份,13:00:00,39.58,223700,39.58,卖盘
600511,国药股份,11:28:24,39.55,13770,39.56,卖盘
600511,国药股份,11:27:39,39.55,13700,39.54,买盘
600511,国药股份,11:27:15,39.55,14600,39.53,买盘
600511,国药股份,11:26:27,39.56,57835,39.5,买盘
600511,国药股份,11:25:18,39.5,17700,39.52,卖盘
600511,国药股份,11:24:54,39.56,20900,39.56,卖盘
600511,国药股份,11:24:21,39.6,21065,39.61,卖盘
600511,国药股份,11:23:42,39.68,30300,39.67,买盘
600511,国药股份,11:23:18,39.68,16300,39.68,卖盘
600511,国药股份,11:22:42,39.68,17100,39.68,买盘
600511,国药股份,11:22:36,39.63,26200,39.68,卖盘
600511,国药股份,11:22:30,39.68,32400,39.65,买盘
600511,国药股份,11:21:30,39.73,19200,39.73,卖盘
600511,国药股份,11:20:42,39.73,15100,39.73,卖盘
600511,国药股份,11:20:36,39.75,12700,39.75,买盘
600511,国药股份,11:20:33,39.75,19000,39.75,买盘
600511,国药股份,11:19:57,39.74,17600,39.7,买盘
600511,国药股份,11:19:33,39.69,24300,39.7,卖盘
600511,国药股份,11:19:21,39.69,19600,39.69,买盘
600511,国药股份,11:18:57,39.66,36500,39.66,买盘
600511,国药股份,11:18:24,39.62,14600,39.61,买盘
600511,国药股份,11:18:06,39.6,15200,39.6,买盘
600511,国药股份,11:17:42,39.6,38463,39.56,买盘
600511,国药股份,11:17:39,39.56,13800,39.56,买盘
600511,国药股份,11:17:00,39.55,15900,39.55,买盘
600511,国药股份,11:16:12,39.53,22700,39.52,买盘
600511,国药股份,11:16:06,39.52,15728,39.51,买盘
600511,国药股份,11:15:51,39.52,17500,39.52,买盘
600511,国药股份,11:13:54,39.49,14284,39.5,卖盘
600511,国药股份,11:13:21,39.5,67400,39.51,卖盘
600511,国药股份,11:13:12,39.54,17000,39.52,买盘
600511,国药股份,11:12:33,39.53,15300,39.53,卖盘
600511,国药股份,11:10:00,39.36,33900,39.3,中性盘
600511,国药股份,11:09:57,39.3,22300,39.36,卖盘
600511,国药股份,11:09:48,39.31,26300,39.36,卖盘
600511,国药股份,11:08:33,39.55,47000,39.54,买盘
600511,国药股份,11:07:03,39.58,15200,39.58,卖盘
600511,国药股份,11:06:57,39.58,14000,39.58,买盘
600511,国药股份,11:06:42,39.58,19600,39.58,卖盘
600511,国药股份,11:05:57,39.55,25700,39.58,卖盘
600511,国药股份,11:05:24,39.59,16500,39.6,卖盘
600511,国药股份,11:05:12,39.62,17400,39.6,买盘
600511,国药股份,11:04:51,39.59,15400,39.59,卖盘
600511,国药股份,11:04:15,39.59,13658,39.27,买盘
600511,国药股份,11:04:12,39.27,22700,39.27,买盘
600511,国药股份,11:04:06,39.27,20300,39.27,买盘
600511,国药股份,11:03:51,39.27,117342,39.8,卖盘
600511,国药股份,11:03:45,39.78,60800,39.79,中性盘
600511,国药股份,11:03:33,39.8,29958,39.64,买盘
600511,国药股份,11:03:27,39.64,164242,39.87,卖盘
600511,国药股份,11:03:24,39.87,49700,39.88,卖盘
600511,国药股份,11:03:06,39.85,20400,39.83,买盘
600511,国药股份,11:03:03,39.83,54600,39.84,卖盘
600511,国药股份,11:02:51,39.82,15700,39.82,买盘
600511,国药股份,11:02:42,39.8,19700,39.8,买盘
600511,国药股份,11:02:39,39.8,19600,39.8,买盘
600511,国药股份,11:02:36,39.8,17500,39.79,买盘
600511,国药股份,11:02:30,39.79,22300,39.79,买盘
600511,国药股份,11:02:15,39.75,19900,39.75,买盘
600511,国药股份,11:01:48,39.73,13000,39.71,买盘
600511,国药股份,11:01:39,39.7,31000,39.7,买盘
600511,国药股份,11:01:36,39.7,14500,39.7,买盘
600511,国药股份,11:01:33,39.7,17500,39.7,买盘
600511,国药股份,11:01:24,39.7,21900,39.69,买盘
600511,国药股份,11:01:18,39.7,30100,39.69,买盘
600511,国药股份,11:01:15,39.69,15200,39.7,卖盘
600511,国药股份,11:01:06,39.69,29100,39.68,买盘
600511,国药股份,11:01:00,39.68,24300,39.68,买盘
600511,国药股份,11:00:57,39.68,24200,39.66,买盘
600511,国药股份,11:00:48,39.65,68199,39.65,买盘
600511,国药股份,11:00:24,39.6,15200,39.6,买盘
600511,国药股份,11:00:21,39.6,22900,39.6,买盘
600511,国药股份,11:00:12,39.6,37400,39.59,买盘
600511,国药股份,11:00:00,39.6,101500,39.59,买盘
600511,国药股份,10:59:15,39.6,18100,39.59,买盘
600511,国药股份,10:58:36,39.6,13400,39.58,买盘
600511,国药股份,10:57:48,39.58,14200,39.6,卖盘
600511,国药股份,10:57:42,39.59,32800,39.6,中性盘
600511,国药股份,10:57:12,39.62,13500,39.6,买盘
600511,国药股份,10:57:06,39.58,45600,39.62,卖盘
600511,国药股份,10:56:54,39.63,15300,39.64,卖盘
600511,国药股份,10:56:48,39.64,34600,39.63,买盘
600511,国药股份,10:56:09,39.6,34200,39.58,买盘
600511,国药股份,10:56:03,39.6,24100,39.57,买盘
600511,国药股份,10:56:00,39.57,14600,39.58,卖盘
600511,国药股份,10:55:51,39.58,16000,39.56,买盘
600511,国药股份,10:55:39,39.56,17200,39.55,买盘
600511,国药股份,10:55:21,39.5,18300,39.49,买盘
600511,国药股份,10:55:09,39.49,19500,39.5,中性盘
600511,国药股份,10:55:06,39.5,18400,39.5,买盘
600511,国药股份,10:54:57,39.47,73400,39.46,买盘
600511,国药股份,10:54:54,39.46,17400,39.45,买盘
600511,国药股份,10:54:51,39.45,29400,39.45,买盘
600511,国药股份,10:54:33,39.43,54400,39.38,买盘
600511,国药股份,10:54:24,39.36,18900,39.35,买盘
600511,国药股份,10:54:12,39.34,14500,39.32,买盘
600511,国药股份,10:54:03,39.31,37400,39.29,买盘
600511,国药股份,10:54:00,39.29,14000,39.29,买盘
600511,国药股份,10:53:54,39.29,51800,39.28,买盘
600511,国药股份,10:53:45,39.28,24800,39.28,买盘
600511,国药股份,10:53:24,39.25,25400,39.25,买盘
600511,国药股份,10:52:48,39.2,28400,39.17,买盘
600511,国药股份,10:52:39,39.18,31900,39.19,卖盘
600511,国药股份,10:52:33,39.2,16900,39.19,买盘
600511,国药股份,10:51:39,39.19,14700,39.19,买盘
600511,国药股份,10:51:30,39.2,22500,39.2,买盘
600511,国药股份,10:51:06,39.2,14500,39.2,买盘
600511,国药股份,10:50:57,39.2,13300,39.16,买盘
600511,国药股份,10:50:54,39.16,34100,39.19,卖盘
600511,国药股份,10:50:09,39.25,17900,39.25,买盘
600511,国药股份,10:50:06,39.25,16700,39.25,卖盘
600511,国药股份,10:49:54,39.25,18500,39.21,买盘
600511,国药股份,10:49:00,39.28,19500,39.28,买盘
600511,国药股份,10:48:39,39.27,14400,39.27,买盘
600511,国药股份,10:48:36,39.27,14500,39.27,买盘
600511,国药股份,10:47:27,39.11,100600,39.3,卖盘
600511,国药股份,10:47:24,39.3,13047,39.37,卖盘
600511,国药股份,10:47:15,39.35,63000,39.39,卖盘
600511,国药股份,10:47:06,39.4,14700,39.42,卖盘
600511,国药股份,10:47:00,39.42,17400,39.41,买盘
600511,国药股份,10:46:57,39.41,17100,39.42,卖盘
600511,国药股份,10:46:39,39.41,14700,39.41,买盘
600511,国药股份,10:46:36,39.41,25200,39.41,买盘
600511,国药股份,10:46:24,39.41,13900,39.4,买盘
600511,国药股份,10:46:12,39.4,23137,39.39,买盘
600511,国药股份,10:45:57,39.39,26100,39.38,买盘
600511,国药股份,10:45:48,39.37,46100,39.38,卖盘
600511,国药股份,10:45:30,39.36,26100,39.36,买盘
600511,国药股份,10:45:06,39.3,18300,39.31,卖盘
600511,国药股份,10:44:36,39.27,36500,39.23,买盘
600511,国药股份,10:44:06,39.2,18900,39.2,买盘
600511,国药股份,10:43:48,39.16,12900,39.17,卖盘
600511,国药股份,10:43:15,39.1,40600,39.12,卖盘
600511,国药股份,10:42:39,39.06,110144,39.03,买盘
600511,国药股份,10:42:33,39.05,14100,39.04,买盘
600511,国药股份,10:42:30,39.04,13600,39.03,买盘
600511,国药股份,10:42:24,39.05,15765,39.02,买盘
600511,国药股份,10:42:21,39.02,32900,39.04,卖盘
600511,国药股份,10:42:18,39.04,25500,39.02,买盘
600511,国药股份,10:42:15,39.02,14300,39.03,卖盘
600511,国药股份,10:42:12,39.03,26300,39.03,买盘
600511,国药股份,10:42:09,39.03,15100,39.04,中性盘
600511,国药股份,10:42:03,39.04,40800,39.04,买盘
600511,国药股份,10:42:00,39.04,21800,39.03,买盘
600511,国药股份,10:41:57,39.03,15500,39.03,卖盘
600511,国药股份,10:41:51,39.04,32600,39.03,买盘
600511,国药股份,10:41:48,39.03,17300,39.04,中性盘
600511,国药股份,10:41:42,39.01,12900,39.02,卖盘
600511,国药股份,10:41:36,39.04,20600,39.04,卖盘
600511,国药股份,10:41:33,39.04,25800,39.04,卖盘
600511,国药股份,10:41:30,39.04,26900,39.04,卖盘
600511,国药股份,10:41:27,39.04,15100,39.04,卖盘
600511,国药股份,10:41:24,39.04,69600,39.03,买盘
600511,国药股份,10:41:12,39.04,25500,39.06,卖盘
600511,国药股份,10:41:09,39.06,38500,39.07,卖盘
600511,国药股份,10:40:54,39.1,35900,39.09,买盘
600511,国药股份,10:40:51,39.09,27207,39.1,卖盘
600511,国药股份,10:40:42,39.12,13000,39.11,买盘
600511,国药股份,10:40:30,39.14,13500,39.16,买盘
600511,国药股份,10:40:24,39.13,15700,39.16,卖盘
600511,国药股份,10:40:21,39.16,30400,39.16,卖盘
600511,国药股份,10:39:57,39.19,19500,39.19,卖盘
600511,国药股份,10:39:45,39.21,25800,39.2,买盘
600511,国药股份,10:39:33,39.22,17100,39.24,卖盘
600511,国药股份,10:39:27,39.24,13400,39.25,中性盘
600511,国药股份,10:39:12,39.26,13600,39.26,买盘
600511,国药股份,10:39:09,39.26,15200,39.26,买盘
600511,国药股份,10:39:00,39.26,29900,39.28,卖盘
600511,国药股份,10:38:54,39.26,13800,39.27,卖盘
600511,国药股份,10:38:27,39.3,50200,39.3,卖盘
600511,国药股份,10:38:15,39.31,12900,39.32,卖盘
600511,国药股份,10:37:00,39.38,14700,39.38,买盘
600511,国药股份,10:36:36,39.39,12700,39.38,买盘
600511,国药股份,10:36:27,39.37,46037,39.38,卖盘
600511,国药股份,10:35:42,39.37,15000,39.38,卖盘
600511,国药股份,10:35:24,39.4,59800,39.41,卖盘
600511,国药股份,10:35:06,39.42,16100,39.45,卖盘
600511,国药股份,10:35:00,39.46,16600,39.44,买盘
600511,国药股份,10:34:51,39.45,18700,39.43,买盘
600511,国药股份,10:34:45,39.46,42700,39.43,买盘
600511,国药股份,10:34:42,39.43,19900,39.44,卖盘
600511,国药股份,10:34:33,39.45,16900,39.44,买盘
600511,国药股份,10:34:21,39.45,18700,39.45,卖盘
600511,国药股份,10:34:09,39.46,16200,39.46,买盘
600511,国药股份,10:34:00,39.45,23600,39.44,买盘
600511,国药股份,10:33:45,39.42,13500,39.44,卖盘
600511,国药股份,10:33:42,39.44,25600,39.41,买盘
600511,国药股份,10:33:27,39.41,22600,39.42,卖盘
600511,国药股份,10:33:21,39.42,37000,39.4,买盘
600511,国药股份,10:33:18,39.4,14200,39.4,卖盘
600511,国药股份,10:33:12,39.41,21600,39.42,中性盘
600511,国药股份,10:33:09,39.42,14200,39.41,买盘
600511,国药股份,10:33:06,39.41,16400,39.42,买盘
600511,国药股份,10:33:00,39.41,18800,39.42,卖盘
600511,国药股份,10:32:54,39.42,20344,39.4,买盘
600511,国药股份,10:32:51,39.4,13200,39.4,卖盘
600511,国药股份,10:32:33,39.35,22600,39.36,卖盘
600511,国药股份,10:32:21,39.35,21400,39.35,买盘
600511,国药股份,10:32:18,39.35,13500,39.35,买盘
600511,国药股份,10:32:15,39.35,13600,39.35,买盘
600511,国药股份,10:32:12,39.35,58400,39.35,买盘
600511,国药股份,10:31:54,39.33,20600,39.35,卖盘
600511,国药股份,10:31:48,39.33,14200,39.33,卖盘
600511,国药股份,10:31:42,39.33,20400,39.32,买盘
600511,国药股份,10:31:33,39.31,20800,39.32,中性盘
600511,国药股份,10:31:15,39.32,28000,39.26,买盘
600511,国药股份,10:31:12,39.26,22700,39.28,卖盘
600511,国药股份,10:31:03,39.28,17600,39.26,买盘
600511,国药股份,10:31:00,39.26,14700,39.26,买盘
600511,国药股份,10:30:45,39.2,24500,39.2,卖盘
600511,国药股份,10:30:42,39.2,14500,39.24,卖盘
600511,国药股份,10:30:33,39.19,45500,39.2,卖盘
600511,国药股份,10:30:27,39.2,13700,39.19,买盘
600511,国药股份,10:30:24,39.19,15000,39.2,卖盘
600511,国药股份,10:30:15,39.18,14500,39.22,卖盘
600511,国药股份,10:30:12,39.22,15200,39.18,买盘
600511,国药股份,10:30:09,39.18,15700,39.18,卖盘
600511,国药股份,10:29:51,39.21,53900,39.22,中性盘
600511,国药股份,10:29:45,39.22,21400,39.2,买盘
600511,国药股份,10:29:42,39.2,19007,39.2,卖盘
600511,国药股份,10:29:36,39.2,70707,39.2,卖盘
600511,国药股份,10:29:33,39.2,45193,39.16,买盘
600511,国药股份,10:29:24,39.19,16200,39.2,卖盘
600511,国药股份,10:29:21,39.2,13600,39.2,买盘
600511,国药股份,10:29:18,39.2,28700,39.22,卖盘
600511,国药股份,10:29:15,39.22,17800,39.22,卖盘
600511,国药股份,10:29:12,39.22,12900,39.24,中性盘
600511,国药股份,10:29:06,39.23,17100,39.25,卖盘
600511,国药股份,10:28:57,39.24,43900,39.26,卖盘
600511,国药股份,10:28:42,39.3,28600,39.3,卖盘
600511,国药股份,10:28:30,39.35,25100,39.37,卖盘
600511,国药股份,10:28:18,39.4,22900,39.42,卖盘
600511,国药股份,10:28:12,39.43,63400,39.44,买盘
600511,国药股份,10:27:33,39.5,63500,39.51,卖盘
600511,国药股份,10:27:27,39.56,17100,39.58,卖盘
600511,国药股份,10:27:18,39.58,33300,39.58,卖盘
600511,国药股份,10:27:15,39.58,24600,39.59,卖盘
600511,国药股份,10:27:12,39.59,27400,39.58,买盘
600511,国药股份,10:27:09,39.58,18900,39.6,卖盘
600511,国药股份,10:27:03,39.59,58000,39.6,卖盘
600511,国药股份,10:27:00,39.6,13500,39.6,买盘
600511,国药股份,10:26:54,39.59,16000,39.62,卖盘
600511,国药股份,10:26:24,39.6,14100,39.6,卖盘
600511,国药股份,10:26:12,39.64,31792,39.6,买盘
600511,国药股份,10:25:54,39.58,70300,39.6,卖盘
600511,国药股份,10:25:51,39.6,62500,39.6,买盘
600511,国药股份,10:25:48,39.6,19100,39.59,买盘
600511,国药股份,10:25:33,39.58,20700,39.58,买盘
600511,国药股份,10:25:29,39.58,35100,39.57,买盘
600511,国药股份,10:25:27,39.57,16800,39.57,卖盘
600511,国药股份,10:25:18,39.55,17400,39.55,卖盘
600511,国药股份,10:25:12,39.52,21100,39.55,卖盘
600511,国药股份,10:25:09,39.55,21300,39.55,买盘
600511,国药股份,10:25:06,39.55,15000,39.54,买盘
600511,国药股份,10:24:57,39.52,27500,39.52,卖盘
600511,国药股份,10:24:50,39.51,13500,39.51,买盘
600511,国药股份,10:24:36,39.5,28500,39.51,卖盘
600511,国药股份,10:24:30,39.5,16900,39.5,买盘
600511,国药股份,10:24:27,39.5,33500,39.5,买盘
600511,国药股份,10:24:24,39.5,18400,39.5,买盘
600511,国药股份,10:24:21,39.5,19600,39.49,买盘
600511,国药股份,10:24:15,39.49,35700,39.48,买盘
600511,国药股份,10:24:12,39.48,17900,39.47,买盘
600511,国药股份,10:24:06,39.48,63900,39.47,买盘
600511,国药股份,10:24:00,39.47,36000,39.47,买盘
600511,国药股份,10:23:57,39.47,19700,39.47,买盘
600511,国药股份,10:23:42,39.44,24900,39.44,买盘
600511,国药股份,10:23:39,39.44,14900,39.42,买盘
600511,国药股份,10:23:36,39.42,20600,39.45,卖盘
600511,国药股份,10:23:33,39.45,32300,39.44,买盘
600511,国药股份,10:23:27,39.45,38500,39.41,买盘
600511,国药股份,10:23:21,39.42,12800,39.4,买盘
600511,国药股份,10:23:18,39.4,34300,39.4,买盘
600511,国药股份,10:23:15,39.4,19500,39.4,买盘
600511,国药股份,10:23:06,39.37,58000,39.36,买盘
600511,国药股份,10:23:03,39.36,56400,39.35,买盘
600511,国药股份,10:22:54,39.31,24600,39.3,买盘
600511,国药股份,10:22:26,39.14,14200,39.13,买盘
600511,国药股份,10:22:21,39.13,38900,39.14,中性盘
600511,国药股份,10:22:18,39.14,25000,39.11,买盘
600511,国药股份,10:22:15,39.11,78200,39.08,买盘
600511,国药股份,10:22:12,39.08,19400,39.08,买盘
600511,国药股份,10:22:06,39.08,57600,39.09,卖盘
600511,国药股份,10:22:02,39.09,27700,39.06,买盘
600511,国药股份,10:22:00,39.06,32900,39.05,卖盘
600511,国药股份,10:21:57,39.05,53100,39.05,卖盘
600511,国药股份,10:21:54,39.05,22000,39.06,卖盘
600511,国药股份,10:21:50,39.06,55200,39.11,卖盘
600511,国药股份,10:21:48,39.11,32300,39.05,买盘
600511,国药股份,10:21:45,39.05,19300,39.05,卖盘
600511,国药股份,10:21:41,39.05,43600,39.1,卖盘
600511,国药股份,10:21:39,39.1,169982,39.08,买盘
600511,国药股份,10:21:36,39.08,36700,39.01,买盘
600511,国药股份,10:21:33,39.01,46900,39.09,卖盘
600511,国药股份,10:21:30,39.09,70400,39.08,买盘
600511,国药股份,10:21:27,39.08,28400,39.0,买盘
600511,国药股份,10:21:24,39.0,67635,39.01,卖盘
600511,国药股份,10:21:20,39.01,278765,39.08,卖盘
600511,国药股份,10:21:18,39.08,42900,39.14,卖盘
600511,国药股份,10:21:15,39.14,43835,39.1,买盘
600511,国药股份,10:21:12,39.1,25800,39.2,卖盘
600511,国药股份,10:21:03,39.25,117600,39.25,卖盘
600511,国药股份,10:21:00,39.25,49700,39.27,卖盘
600511,国药股份,10:20:57,39.27,17200,39.27,买盘
600511,国药股份,10:20:54,39.27,15000,39.3,卖盘
600511,国药股份,10:20:51,39.3,40600,39.31,卖盘
600511,国药股份,10:20:48,39.31,13500,39.36,卖盘
600511,国药股份,10:20:45,39.36,13900,39.36,买盘
600511,国药股份,10:20:42,39.36,13600,39.36,买盘
600511,国药股份,10:20:33,39.39,14400,39.4,卖盘
600511,国药股份,10:20:27,39.4,81218,39.41,卖盘
600511,国药股份,10:20:24,39.41,14900,39.41,卖盘
600511,国药股份,10:20:21,39.41,15600,39.44,卖盘
600511,国药股份,10:20:18,39.44,14500,39.44,买盘
600511,国药股份,10:20:08,39.45,28800,39.45,卖盘
600511,国药股份,10:19:48,39.5,20100,39.5,买盘
600511,国药股份,10:19:45,39.5,16900,39.5,买盘
600511,国药股份,10:19:41,39.5,16007,39.5,卖盘
600511,国药股份,10:19:39,39.5,42900,39.5,卖盘
600511,国药股份,10:19:33,39.52,12800,39.52,买盘
600511,国药股份,10:19:30,39.52,53800,39.53,卖盘
600511,国药股份,10:19:27,39.53,28693,39.53,卖盘
600511,国药股份,10:19:24,39.53,38200,39.5,买盘
600511,国药股份,10:19:21,39.5,44400,39.53,卖盘
600511,国药股份,10:19:11,39.54,18200,39.53,中性盘
600511,国药股份,10:19:06,39.58,16600,39.58,买盘
600511,国药股份,10:18:51,39.6,18100,39.61,卖盘
600511,国药股份,10:18:48,39.61,14900,39.61,买盘
600511,国药股份,10:18:45,39.61,25300,39.61,卖盘
600511,国药股份,10:18:42,39.61,28500,39.62,卖盘
600511,国药股份,10:18:27,39.65,22000,39.65,买盘
600511,国药股份,10:18:20,39.65,46900,39.66,卖盘
600511,国药股份,10:18:06,39.66,16500,39.66,买盘
600511,国药股份,10:17:56,39.66,16600,39.66,卖盘
600511,国药股份,10:17:53,39.66,18300,39.67,卖盘
600511,国药股份,10:17:51,39.67,37400,39.68,中性盘
600511,国药股份,10:17:42,39.68,23600,39.69,卖盘
600511,国药股份,10:17:33,39.68,17000,39.66,买盘
600511,国药股份,10:17:27,39.7,17800,39.69,买盘
600511,国药股份,10:17:11,39.7,16700,39.69,买盘
600511,国药股份,10:16:56,39.71,20700,39.7,买盘
600511,国药股份,10:16:54,39.7,20300,39.7,卖盘
600511,国药股份,10:16:51,39.7,33736,39.7,卖盘
600511,国药股份,10:16:48,39.7,47901,39.71,卖盘
600511,国药股份,10:16:42,39.71,25500,39.71,买盘
600511,国药股份,10:16:39,39.71,45000,39.7,买盘
600511,国药股份,10:16:36,39.7,22500,39.71,卖盘
600511,国药股份,10:16:29,39.7,39200,39.71,卖盘
600511,国药股份,10:16:27,39.71,18500,39.71,买盘
600511,国药股份,10:16:24,39.71,14500,39.71,买盘
600511,国药股份,10:16:21,39.71,45999,39.71,卖盘
600511,国药股份,10:16:17,39.71,33201,39.72,卖盘
600511,国药股份,10:16:15,39.72,13400,39.71,买盘
600511,国药股份,10:16:09,39.71,13400,39.7,中性盘
600511,国药股份,10:16:03,39.71,34800,39.69,买盘
600511,国药股份,10:15:56,39.7,20100,39.71,卖盘
600511,国药股份,10:15:54,39.71,19000,39.7,买盘
600511,国药股份,10:15:51,39.7,14700,39.71,卖盘
600511,国药股份,10:15:41,39.73,67000,39.73,买盘
600511,国药股份,10:15:36,39.73,147600,39.76,卖盘
600511,国药股份,10:15:30,39.75,18400,39.75,卖盘
600511,国药股份,10:15:12,39.76,18500,39.78,卖盘
600511,国药股份,10:15:08,39.78,14500,39.79,中性盘
600511,国药股份,10:15:06,39.79,15200,39.78,买盘
600511,国药股份,10:14:54,39.79,21000,39.78,买盘
600511,国药股份,10:14:45,39.78,18600,39.77,买盘
600511,国药股份,10:14:39,39.78,29600,39.78,买盘
600511,国药股份,10:14:20,39.8,24200,39.78,买盘
600511,国药股份,10:14:18,39.78,21435,39.79,卖盘
600511,国药股份,10:14:14,39.79,13600,39.8,卖盘
600511,国药股份,10:14:08,39.8,21900,39.8,买盘
600511,国药股份,10:14:05,39.8,22100,39.8,买盘
600511,国药股份,10:14:02,39.8,26700,39.79,买盘
600511,国药股份,10:14:00,39.79,13900,39.79,卖盘
600511,国药股份,10:13:51,39.79,13700,39.79,买盘
600511,国药股份,10:13:32,39.8,15300,39.8,买盘
600511,国药股份,10:13:20,39.8,18000,39.8,买盘
600511,国药股份,10:13:15,39.8,13000,39.79,买盘
600511,国药股份,10:13:11,39.79,14800,39.8,卖盘
600511,国药股份,10:13:09,39.8,14000,39.8,卖盘
600511,国药股份,10:13:05,39.8,19265,39.8,买盘
600511,国药股份,10:12:56,39.8,19200,39.8,买盘
600511,国药股份,10:12:53,39.8,36100,39.8,卖盘
600511,国药股份,10:12:41,39.8,14700,39.8,买盘
600511,国药股份,10:12:38,39.8,29000,39.82,卖盘
600511,国药股份,10:12:21,39.8,15100,39.79,买盘
600511,国药股份,10:12:17,39.79,26800,39.8,卖盘
600511,国药股份,10:12:14,39.8,46742,39.8,卖盘
600511,国药股份,10:12:12,39.8,23900,39.83,卖盘
600511,国药股份,10:12:08,39.83,28000,39.85,买盘
600511,国药股份,10:12:05,39.85,12600,39.8,买盘
600511,国药股份,10:12:02,39.8,36200,39.85,卖盘
600511,国药股份,10:11:57,39.85,29065,39.85,买盘
600511,国药股份,10:11:54,39.85,15200,39.81,买盘
600511,国药股份,10:11:50,39.81,14758,39.8,买盘
600511,国药股份,10:11:47,39.8,62500,39.79,买盘
600511,国药股份,10:11:44,39.79,26700,39.78,卖盘
600511,国药股份,10:11:39,39.75,17300,39.76,卖盘
600511,国药股份,10:11:29,39.75,33900,39.73,买盘
600511,国药股份,10:11:26,39.73,26800,39.75,卖盘
600511,国药股份,10:11:23,39.75,15400,39.73,买盘
600511,国药股份,10:11:20,39.73,39300,39.73,买盘
600511,国药股份,10:11:14,39.73,30900,39.72,买盘
600511,国药股份,10:10:59,39.74,44785,39.73,中性盘
600511,国药股份,10:10:56,39.73,12900,39.74,卖盘
600511,国药股份,10:10:53,39.74,57700,39.76,卖盘
600511,国药股份,10:10:44,39.75,15900,39.76,中性盘
600511,国药股份,10:10:41,39.76,13842,39.76,买盘
600511,国药股份,10:10:35,39.77,33400,39.77,买盘
600511,国药股份,10:10:32,39.77,14800,39.77,买盘
600511,国药股份,10:10:29,39.77,14300,39.78,买盘
600511,国药股份,10:10:26,39.78,20558,39.77,中性盘
600511,国药股份,10:10:23,39.77,18800,39.77,卖盘
600511,国药股份,10:10:20,39.77,14200,39.8,卖盘
600511,国药股份,10:10:17,39.8,15800,39.8,买盘
600511,国药股份,10:10:08,39.78,34700,39.86,卖盘
600511,国药股份,10:10:05,39.86,13000,39.85,买盘
600511,国药股份,10:10:02,39.85,34600,39.85,卖盘
600511,国药股份,10:09:59,39.85,29100,39.86,卖盘
600511,国药股份,10:09:53,39.86,46300,39.88,卖盘
600511,国药股份,10:09:50,39.88,29100,39.88,卖盘
600511,国药股份,10:09:47,39.88,15400,39.89,卖盘
600511,国药股份,10:09:44,39.89,16600,39.9,卖盘
600511,国药股份,10:09:41,39.9,34100,39.9,买盘
600511,国药股份,10:09:32,39.92,25000,39.93,卖盘
600511,国药股份,10:09:23,39.94,24300,39.95,卖盘
600511,国药股份,10:09:14,39.95,17600,39.97,卖盘
600511,国药股份,10:09:11,39.97,14800,39.96,中性盘
600511,国药股份,10:09:08,39.96,17200,39.98,卖盘
600511,国药股份,10:09:05,39.98,40090,39.97,卖盘
600511,国药股份,10:09:02,39.97,16400,39.98,中性盘
600511,国药股份,10:08:59,39.98,21100,39.98,买盘
600511,国药股份,10:08:56,39.98,24500,39.98,买盘
600511,国药股份,10:08:50,39.96,15700,39.99,卖盘
600511,国药股份,10:08:47,39.99,13000,39.99,买盘
600511,国药股份,10:08:41,39.99,34700,39.99,买盘
600511,国药股份,10:08:38,39.99,23000,39.99,卖盘
600511,国药股份,10:08:35,39.99,37000,39.99,卖盘
600511,国药股份,10:08:32,39.99,17600,40.0,卖盘
600511,国药股份,10:08:26,40.0,33600,40.01,卖盘
600511,国药股份,10:08:23,40.01,23900,40.01,买盘
600511,国药股份,10:08:20,40.01,12800,40.01,买盘
600511,国药股份,10:08:14,40.01,27200,40.02,卖盘
600511,国药股份,10:08:11,40.02,26800,40.01,买盘
600511,国药股份,10:07:56,40.05,20100,40.06,卖盘
600511,国药股份,10:07:53,40.06,19600,40.07,中性盘
600511,国药股份,10:07:44,40.08,23200,40.07,买盘
600511,国药股份,10:07:41,40.07,14200,40.09,卖盘
600511,国药股份,10:07:38,40.09,13000,40.09,买盘
600511,国药股份,10:07:35,40.09,17000,40.1,中性盘
600511,国药股份,10:07:32,40.1,25200,40.08,买盘
600511,国药股份,10:07:29,40.08,15500,40.1,卖盘
600511,国药股份,10:07:23,40.13,14200,40.13,买盘
600511,国药股份,10:07:20,40.13,17400,40.1,买盘
600511,国药股份,10:07:17,40.1,49200,40.14,卖盘
600511,国药股份,10:07:14,40.14,87535,40.17,卖盘
600511,国药股份,10:07:11,40.17,25000,40.19,卖盘
600511,国药股份,10:07:08,40.19,34365,40.18,买盘
600511,国药股份,10:07:05,40.18,12700,40.17,买盘
600511,国药股份,10:07:02,40.17,27500,40.17,买盘
600511,国药股份,10:06:59,40.17,26300,40.17,买盘
600511,国药股份,10:06:56,40.17,48600,40.18,卖盘
600511,国药股份,10:06:53,40.18,62600,40.17,买盘
600511,国药股份,10:06:50,40.17,15600,40.17,卖盘
600511,国药股份,10:06:47,40.17,15400,40.16,买盘
600511,国药股份,10:06:44,40.16,25107,40.15,卖盘
600511,国药股份,10:06:41,40.15,23500,40.16,卖盘
600511,国药股份,10:06:38,40.16,19800,40.15,买盘
600511,国药股份,10:06:35,40.15,68000,40.15,买盘
600511,国药股份,10:06:32,40.15,30800,40.14,买盘
600511,国药股份,10:06:29,40.14,20600,40.15,卖盘
600511,国药股份,10:06:26,40.15,40500,40.14,买盘
600511,国药股份,10:06:23,40.14,46600,40.15,卖盘
600511,国药股份,10:06:20,40.15,32500,40.15,买盘
600511,国药股份,10:06:17,40.15,50800,40.15,买盘
600511,国药股份,10:06:14,40.15,65100,40.15,买盘
600511,国药股份,10:06:11,40.15,25800,40.15,买盘
600511,国药股份,10:06:08,40.15,45100,40.15,买盘
600511,国药股份,10:06:05,40.15,41700,40.13,买盘
600511,国药股份,10:06:02,40.13,36900,40.1,买盘
600511,国药股份,10:05:56,40.08,26700,40.09,卖盘
600511,国药股份,10:05:53,40.09,13300,40.07,买盘
600511,国药股份,10:05:50,40.07,22100,40.07,卖盘
600511,国药股份,10:05:47,40.07,40953,40.05,买盘
600511,国药股份,10:05:41,40.05,25600,40.01,买盘
600511,国药股份,10:05:38,40.01,13331,40.0,买盘
600511,国药股份,10:05:35,40.0,119869,40.0,卖盘
600511,国药股份,10:05:32,40.0,292231,39.96,买盘
600511,国药股份,10:05:29,39.96,24000,39.95,中性盘
600511,国药股份,10:05:26,39.95,28700,39.96,卖盘
600511,国药股份,10:05:23,39.96,13700,39.91,买盘
600511,国药股份,10:05:20,39.91,28200,39.95,卖盘
600511,国药股份,10:05:11,39.91,30300,39.89,买盘
600511,国药股份,10:05:08,39.89,16900,39.89,卖盘
600511,国药股份,10:05:05,39.89,15700,39.89,卖盘
600511,国药股份,10:05:02,39.89,26700,39.89,买盘
600511,国药股份,10:04:56,39.88,26200,39.88,买盘
600511,国药股份,10:04:47,39.86,33300,39.86,买盘
600511,国药股份,10:04:44,39.86,21900,39.86,买盘
600511,国药股份,10:04:41,39.86,32400,39.87,卖盘
600511,国药股份,10:04:38,39.87,19300,39.86,买盘
600511,国药股份,10:04:35,39.86,43000,39.81,买盘
600511,国药股份,10:04:29,39.79,29500,39.79,买盘
600511,国药股份,10:04:26,39.79,45800,39.8,卖盘
600511,国药股份,10:04:23,39.8,23600,39.8,卖盘
600511,国药股份,10:04:20,39.8,44300,39.79,买盘
600511,国药股份,10:04:17,39.79,19300,39.79,卖盘
600511,国药股份,10:04:14,39.79,54100,39.8,卖盘
600511,国药股份,10:04:11,39.8,28400,39.78,买盘
600511,国药股份,10:04:08,39.78,19300,39.8,卖盘
600511,国药股份,10:04:05,39.8,41200,39.79,买盘
600511,国药股份,10:04:02,39.79,38740,39.76,买盘
600511,国药股份,10:03:59,39.76,48200,39.79,卖盘
600511,国药股份,10:03:56,39.79,22600,39.76,买盘
600511,国药股份,10:03:53,39.76,26600,39.73,买盘
600511,国药股份,10:03:50,39.73,14000,39.76,卖盘
600511,国药股份,10:03:47,39.76,20900,39.79,卖盘
600511,国药股份,10:03:44,39.79,53900,39.72,买盘
600511,国药股份,10:03:41,39.72,19400,39.8,卖盘
600511,国药股份,10:03:38,39.8,26700,39.79,买盘
600511,国药股份,10:03:35,39.79,16800,39.79,买盘
600511,国药股份,10:03:32,39.79,18600,39.81,卖盘
600511,国药股份,10:03:29,39.81,39400,39.79,买盘
600511,国药股份,10:03:26,39.79,38900,39.8,卖盘
600511,国药股份,10:03:23,39.8,27316,39.81,卖盘
600511,国药股份,10:03:20,39.81,15600,39.83,卖盘
600511,国药股份,10:03:14,39.83,14500,39.83,买盘
600511,国药股份,10:03:11,39.83,22700,39.84,卖盘
600511,国药股份,10:03:08,39.84,17800,39.88,卖盘
600511,国药股份,10:03:02,39.88,24400,39.89,买盘
600511,国药股份,10:02:59,39.89,38700,39.89,买盘
600511,国药股份,10:02:56,39.89,26100,39.89,买盘
600511,国药股份,10:02:53,39.89,30900,39.89,卖盘
600511,国药股份,10:02:50,39.89,25500,39.9,卖盘
600511,国药股份,10:02:47,39.9,34700,39.91,买盘
600511,国药股份,10:02:44,39.91,29400,39.91,买盘
600511,国药股份,10:02:41,39.91,35600,39.93,买盘
600511,国药股份,10:02:38,39.93,16300,39.9,买盘
600511,国药股份,10:02:35,39.9,38100,39.94,卖盘
600511,国药股份,10:02:29,39.95,25600,39.94,买盘
600511,国药股份,10:02:26,39.94,28100,39.94,卖盘
600511,国药股份,10:02:23,39.94,17000,39.95,卖盘
600511,国药股份,10:02:20,39.95,17400,39.96,卖盘
600511,国药股份,10:02:17,39.96,46000,39.98,卖盘
600511,国药股份,10:02:14,39.98,44900,39.98,买盘
600511,国药股份,10:02:11,39.98,34800,39.98,买盘
600511,国药股份,10:02:08,39.98,37900,39.98,买盘
600511,国药股份,10:02:05,39.98,100500,40.0,卖盘
600511,国药股份,10:02:02,40.0,40000,40.0,买盘
600511,国药股份,10:01:59,40.0,29900,40.0,买盘
600511,国药股份,10:01:56,40.0,60263,39.99,买盘
600511,国药股份,10:01:53,39.99,87337,40.0,卖盘
600511,国药股份,10:01:50,40.0,35500,40.0,买盘
600511,国药股份,10:01:47,40.0,24300,40.0,买盘
600511,国药股份,10:01:44,40.0,27200,39.99,买盘
600511,国药股份,10:01:38,39.98,27400,39.97,中性盘
600511,国药股份,10:01:35,39.97,12600,39.95,中性盘
600511,国药股份,10:01:32,39.95,13500,39.95,中性盘
600511,国药股份,10:01:29,39.95,38300,39.94,买盘
600511,国药股份,10:01:26,39.94,33000,39.89,买盘
600511,国药股份,10:01:23,39.89,38800,39.9,卖盘
600511,国药股份,10:01:20,39.9,26400,39.89,买盘
600511,国药股份,10:01:17,39.89,85400,39.88,中性盘
600511,国药股份,10:01:14,39.88,43600,39.88,卖盘
600511,国药股份,10:01:11,39.88,41500,39.88,买盘
600511,国药股份,10:01:08,39.88,61600,39.85,买盘
600511,国药股份,10:01:05,39.85,42300,39.88,卖盘
600511,国药股份,10:01:02,39.88,23800,39.86,买盘
600511,国药股份,10:00:59,39.86,17800,39.82,中性盘
600511,国药股份,10:00:56,39.82,20500,39.88,卖盘
600511,国药股份,10:00:53,39.88,15184,39.8,买盘
600511,国药股份,10:00:50,39.8,55000,39.8,买盘
600511,国药股份,10:00:47,39.8,14100,39.72,买盘
600511,国药股份,10:00:44,39.72,48300,39.72,买盘
600511,国药股份,10:00:41,39.72,24500,39.68,买盘
600511,国药股份,10:00:35,39.58,37500,39.6,卖盘
600511,国药股份,10:00:32,39.6,17600,39.59,买盘
600511,国药股份,10:00:29,39.59,37400,39.58,买盘
600511,国药股份,10:00:26,39.58,19000,39.54,买盘
600511,国药股份,10:00:23,39.54,30100,39.52,买盘
600511,国药股份,10:00:20,39.52,46247,39.5,买盘
600511,国药股份,10:00:17,39.5,31200,39.51,卖盘
600511,国药股份,10:00:14,39.51,29800,39.5,买盘
600511,国药股份,10:00:11,39.5,30500,39.5,买盘
600511,国药股份,10:00:08,39.5,91000,39.5,买盘
600511,国药股份,10:00:05,39.5,130924,39.46,买盘
600511,国药股份,10:00:02,39.46,43200,39.44,买盘
600511,国药股份,09:59:59,39.44,60400,39.45,卖盘
600511,国药股份,09:59:56,39.45,33400,39.46,卖盘
600511,国药股份,09:59:53,39.46,43300,39.45,买盘
600511,国药股份,09:59:50,39.45,23300,39.46,卖盘
600511,国药股份,09:59:47,39.46,37600,39.46,买盘
600511,国药股份,09:59:44,39.46,49800,39.46,买盘
600511,国药股份,09:59:41,39.46,70500,39.49,卖盘
600511,国药股份,09:59:38,39.49,66800,39.5,卖盘
600511,国药股份,09:59:35,39.5,35700,39.52,买盘
600511,国药股份,09:59:32,39.52,45153,39.48,买盘
600511,国药股份,09:59:29,39.48,30800,39.5,卖盘
600511,国药股份,09:59:26,39.5,80947,39.48,买盘
600511,国药股份,09:59:23,39.48,56700,39.5,卖盘
600511,国药股份,09:59:20,39.5,34400,39.5,买盘
600511,国药股份,09:59:17,39.5,49300,39.5,买盘
600511,国药股份,09:59:14,39.5,154000,39.55,卖盘
600511,国药股份,09:59:11,39.55,54200,39.54,买盘
600511,国药股份,09:59:08,39.54,39400,39.51,买盘
600511,国药股份,09:59:05,39.51,32000,39.5,买盘
600511,国药股份,09:59:02,39.5,37500,39.57,卖盘
600511,国药股份,09:58:59,39.57,32300,39.54,买盘
600511,国药股份,09:58:56,39.54,26300,39.52,中性盘
600511,国药股份,09:58:53,39.52,21000,39.54,中性盘
600511,国药股份,09:58:50,39.54,48500,39.6,卖盘
600511,国药股份,09:58:47,39.6,17700,39.7,卖盘
600511,国药股份,09:58:44,39.7,34800,39.7,买盘
600511,国药股份,09:58:41,39.7,38300,39.74,卖盘
600511,国药股份,09:58:38,39.74,65100,39.75,中性盘
600511,国药股份,09:58:35,39.75,19500,39.8,卖盘
600511,国药股份,09:58:32,39.8,33800,39.8,买盘
600511,国药股份,09:58:29,39.8,22200,39.8,买盘
600511,国药股份,09:58:26,39.8,51700,39.83,卖盘
600511,国药股份,09:58:23,39.83,43617,39.91,卖盘
600511,国药股份,09:58:20,39.91,23783,39.89,买盘
600511,国药股份,09:58:17,39.89,32200,39.85,买盘
600511,国药股份,09:58:14,39.85,58417,39.96,卖盘
600511,国药股份,09:58:08,39.96,101400,39.97,卖盘
600511,国药股份,09:58:05,39.97,37600,40.0,卖盘
600511,国药股份,09:58:02,40.0,56500,39.98,买盘
600511,国药股份,09:57:59,39.98,98100,40.0,卖盘
600511,国药股份,09:57:56,40.0,47900,40.0,买盘
600511,国药股份,09:57:53,40.0,24800,39.97,买盘
600511,国药股份,09:57:50,39.97,27600,40.0,卖盘
600511,国药股份,09:57:47,40.0,27800,39.98,买盘
600511,国药股份,09:57:44,39.98,61100,40.0,卖盘
600511,国药股份,09:57:41,40.0,30500,40.01,卖盘
600511,国药股份,09:57:38,40.01,84700,40.02,卖盘
600511,国药股份,09:57:35,40.02,60924,40.01,中性盘
600511,国药股份,09:57:32,40.01,77900,40.02,卖盘
600511,国药股份,09:57:29,40.02,61100,40.02,卖盘
600511,国药股份,09:57:26,40.02,135576,39.99,买盘
600511,国药股份,09:57:23,39.99,60100,40.0,卖盘
600511,国药股份,09:57:20,40.0,95700,40.01,卖盘
600511,国药股份,09:57:17,40.01,40500,40.0,买盘
600511,国药股份,09:57:14,40.0,28000,40.01,卖盘
600511,国药股份,09:57:11,40.01,50800,40.0,买盘
600511,国药股份,09:57:08,40.0,25000,40.0,买盘
600511,国药股份,09:57:05,40.0,179857,40.05,卖盘
600511,国药股份,09:57:02,40.05,118900,40.02,买盘
600511,国药股份,09:56:59,40.02,43800,40.02,买盘
600511,国药股份,09:56:56,40.02,60300,40.03,卖盘
600511,国药股份,09:56:53,40.03,24600,40.05,中性盘
600511,国药股份,09:56:50,40.05,80500,40.02,买盘
600511,国药股份,09:56:47,40.02,33557,40.06,卖盘
600511,国药股份,09:56:44,40.06,101086,40.02,买盘
600511,国药股份,09:56:41,40.02,42400,40.0,买盘
600511,国药股份,09:56:38,40.0,78100,40.06,卖盘
600511,国药股份,09:56:35,40.06,98100,40.02,中性盘
600511,国药股份,09:56:32,40.02,53600,40.08,卖盘
600511,国药股份,09:56:29,40.08,96600,40.09,中性盘
600511,国药股份,09:56:26,40.09,89900,40.08,买盘
600511,国药股份,09:56:23,40.08,36900,40.1,中性盘
600511,国药股份,09:56:20,40.1,101300,40.09,买盘
600511,国药股份,09:56:17,40.09,54700,40.08,中性盘
600511,国药股份,09:56:14,40.08,36500,40.03,买盘
600511,国药股份,09:56:11,40.03,28200,40.09,卖盘
600511,国药股份,09:56:08,40.09,39200,40.08,买盘
600511,国药股份,09:56:05,40.08,134300,40.0,中性盘
600511,国药股份,09:56:02,40.0,75300,40.08,卖盘
600511,国药股份,09:55:59,40.08,46014,40.22,卖盘
600511,国药股份,09:55:56,40.22,132886,40.09,买盘
600511,国药股份,09:55:53,40.09,95214,40.22,卖盘
600511,国药股份,09:55:50,40.22,118600,40.2,买盘
600511,国药股份,09:55:47,40.2,105900,40.25,卖盘
600511,国药股份,09:55:44,40.25,54200,40.24,买盘
600511,国药股份,09:55:41,40.24,62800,40.22,买盘
600511,国药股份,09:55:38,40.22,56300,40.22,卖盘
600511,国药股份,09:55:35,40.22,60300,40.24,中性盘
600511,国药股份,09:55:32,40.24,74300,40.24,买盘
600511,国药股份,09:55:29,40.24,54300,40.24,买盘
600511,国药股份,09:55:26,40.24,35990,40.25,卖盘
600511,国药股份,09:55:23,40.25,62200,40.24,买盘
600511,国药股份,09:55:20,40.24,87219,40.25,买盘
600511,国药股份,09:55:17,40.25,582492,40.25,卖盘
600511,国药股份,09:55:14,40.25,154100,40.25,卖盘
600511,国药股份,09:55:11,40.25,130894,40.25,卖盘
600511,国药股份,09:55:08,40.25,123295,40.25,卖盘
600511,国药股份,09:55:05,40.25,72400,40.25,卖盘
600511,国药股份,09:55:02,40.25,92900,40.25,卖盘
600511,国药股份,09:54:59,40.25,101100,40.25,卖盘
600511,国药股份,09:54:56,40.25,426810,40.25,买盘
600511,国药股份,09:54:53,40.25,251100,40.25,买盘
600511,国药股份,09:54:50,40.25,326600,40.24,买盘
600511,国药股份,09:54:47,40.24,191800,40.24,卖盘
600511,国药股份,09:54:44,40.24,322200,40.24,卖盘
600511,国药股份,09:54:41,40.24,289500,40.25,卖盘
600511,国药股份,09:54:38,40.25,127300,40.24,买盘
600511,国药股份,09:54:35,40.24,123500,40.24,买盘
600511,国药股份,09:54:32,40.24,114400,40.23,买盘
600511,国药股份,09:54:29,40.23,109300,40.24,中性盘
600511,国药股份,09:54:26,40.24,131486,40.2,买盘
600511,国药股份,09:54:23,40.2,154900,40.2,卖盘
600511,国药股份,09:54:20,40.2,116700,40.19,买盘
600511,国药股份,09:54:17,40.19,75001,40.2,卖盘
600511,国药股份,09:54:14,40.2,143700,40.18,买盘
600511,国药股份,09:54:11,40.18,203300,40.1,买盘
600511,国药股份,09:54:08,40.1,536800,40.2,卖盘
600511,国药股份,09:54:05,40.2,150700,40.19,中性盘
600511,国药股份,09:54:02,40.19,164500,40.19,买盘
600511,国药股份,09:53:59,40.19,95400,40.1,买盘
600511,国药股份,09:53:56,40.1,84400,40.1,卖盘
600511,国药股份,09:53:53,40.1,266300,40.14,卖盘
600511,国药股份,09:53:50,40.14,231400,40.25,买盘
600511,国药股份,09:53:47,40.25,347700,40.25,卖盘
600511,国药股份,09:53:44,40.25,470300,40.25,卖盘
600511,国药股份,09:53:41,40.25,219100,40.25,卖盘
600511,国药股份,09:53:38,40.25,995600,40.25,卖盘
600511,国药股份,09:53:35,40.25,470939,40.2,买盘
600511,国药股份,09:53:32,40.2,974200,40.06,买盘
600511,国药股份,09:53:29,40.06,223600,40.1,中性盘
600511,国药股份,09:53:26,40.1,91800,40.1,买盘
600511,国药股份,09:53:23,40.1,48900,40.01,买盘
600511,国药股份,09:53:20,40.01,152000,40.03,中性盘
600511,国药股份,09:53:17,40.03,204200,39.99,买盘
600511,国药股份,09:53:14,39.99,32000,39.92,买盘
600511,国药股份,09:53:11,39.92,82483,39.88,买盘
600511,国药股份,09:53:08,39.88,65100,39.8,买盘
600511,国药股份,09:53:05,39.8,59100,39.75,买盘
600511,国药股份,09:53:02,39.75,64600,39.65,中性盘
600511,国药股份,09:52:59,39.65,140000,39.71,中性盘
600511,国药股份,09:52:56,39.71,43700,39.5,买盘
600511,国药股份,09:52:53,39.5,86600,39.5,买盘
600511,国药股份,09:52:50,39.5,47100,39.46,买盘
600511,国药股份,09:52:47,39.46,104982,39.4,买盘
600511,国药股份,09:52:44,39.4,67400,39.35,买盘
600511,国药股份,09:52:41,39.35,122900,39.34,买盘
600511,国药股份,09:52:38,39.34,243000,39.32,买盘
600511,国药股份,09:52:35,39.32,224401,39.3,买盘
600511,国药股份,09:52:32,39.3,86600,39.3,买盘
600511,国药股份,09:52:29,39.3,130700,39.29,买盘
600511,国药股份,09:52:26,39.29,45600,39.21,买盘
600511,国药股份,09:52:23,39.21,200100,39.15,买盘
600511,国药股份,09:52:20,39.15,93200,39.13,买盘
600511,国药股份,09:52:17,39.13,111600,39.06,买盘
600511,国药股份,09:52:14,39.06,150298,39.03,买盘
600511,国药股份,09:52:11,39.03,147689,39.01,买盘
600511,国药股份,09:52:08,39.01,170500,38.99,买盘
600511,国药股份,09:52:05,38.99,94000,38.97,买盘
600511,国药股份,09:52:02,38.97,99400,39.0,卖盘
600511,国药股份,09:51:59,39.0,176700,39.01,卖盘
600511,国药股份,09:51:56,39.01,136300,38.99,买盘
600511,国药股份,09:51:53,38.99,125000,38.99,卖盘
600511,国药股份,09:51:50,38.99,161800,38.99,卖盘
600511,国药股份,09:51:47,38.99,186300,38.98,中性盘
600511,国药股份,09:51:44,38.98,75700,38.97,买盘
600511,国药股份,09:51:41,38.97,92600,39.0,卖盘
600511,国药股份,09:51:38,39.0,101700,39.0,买盘
600511,国药股份,09:51:35,39.0,94300,39.01,中性盘
600511,国药股份,09:51:32,39.01,159000,39.0,买盘
600511,国药股份,09:51:29,39.0,127600,39.02,卖盘
600511,国药股份,09:51:26,39.02,115400,39.02,买盘
600511,国药股份,09:51:23,39.02,240500,39.0,买盘
600511,国药股份,09:51:20,39.0,172300,39.02,卖盘
600511,国药股份,09:51:17,39.02,181954,39.01,买盘
600511,国药股份,09:51:14,39.01,456656,39.03,卖盘
600511,国药股份,09:51:11,39.03,444690,39.01,买盘
600511,国药股份,09:51:08,39.01,150000,39.04,中性盘
600511,国药股份,09:51:05,39.04,189500,39.02,买盘
600511,国药股份,09:51:02,39.02,241600,39.04,卖盘
600511,国药股份,09:50:59,39.04,182700,39.01,买盘
600511,国药股份,09:50:56,39.01,316500,39.05,卖盘
600511,国药股份,09:50:53,39.05,126300,39.03,买盘
600511,国药股份,09:50:50,39.03,178000,39.06,卖盘
600511,国药股份,09:50:47,39.06,136600,39.07,中性盘
600511,国药股份,09:50:44,39.07,103300,39.15,中性盘
600511,国药股份,09:50:41,39.15,110123,39.15,买盘
600511,国药股份,09:50:38,39.15,169500,39.1,买盘
600511,国药股份,09:50:35,39.1,85900,39.3,中性盘
600511,国药股份,09:50:32,39.3,162600,39.29,买盘
600511,国药股份,09:50:29,39.29,200200,39.27,买盘
600511,国药股份,09:50:26,39.27,224577,39.3,中性盘
600511,国药股份,09:50:23,39.3,147700,39.32,中性盘
600511,国药股份,09:50:20,39.32,211100,39.33,卖盘
600511,国药股份,09:50:17,39.33,152400,39.34,卖盘
600511,国药股份,09:50:14,39.34,170600,39.23,买盘
600511,国药股份,09:50:11,39.23,241400,39.35,卖盘
600511,国药股份,09:50:08,39.35,188400,39.33,买盘
600511,国药股份,09:50:05,39.33,250944,39.35,卖盘
600511,国药股份,09:50:02,39.35,296400,39.33,中性盘
600511,国药股份,09:49:59,39.33,160200,39.33,卖盘
600511,国药股份,09:49:56,39.33,138100,39.4,卖盘
600511,国药股份,09:49:53,39.4,144400,39.36,买盘
600511,国药股份,09:49:50,39.36,233100,39.4,卖盘
600511,国药股份,09:49:47,39.4,170700,39.41,卖盘
600511,国药股份,09:49:44,39.41,143200,39.43,卖盘
600511,国药股份,09:49:41,39.43,244656,39.32,买盘
600511,国药股份,09:49:38,39.32,196892,39.5,卖盘
600511,国药股份,09:49:35,39.5,146200,39.43,买盘
600511,国药股份,09:49:32,39.43,101508,39.4,买盘
600511,国药股份,09:49:29,39.4,137600,39.38,买盘
600511,国药股份,09:49:26,39.38,197132,39.53,卖盘
600511,国药股份,09:49:23,39.53,266743,39.51,中性盘
600511,国药股份,09:49:20,39.51,94578,39.51,买盘
600511,国药股份,09:49:17,39.51,54200,39.4,中性盘
600511,国药股份,09:49:14,39.4,83847,39.6,卖盘
600511,国药股份,09:49:11,39.6,72700,39.61,卖盘
600511,国药股份,09:49:08,39.61,87200,39.71,中性盘
600511,国药股份,09:49:05,39.71,135500,39.65,买盘
600511,国药股份,09:49:02,39.65,83063,39.83,卖盘
600511,国药股份,09:48:59,39.83,110000,40.0,中性盘
600511,国药股份,09:48:56,40.0,95200,40.0,买盘
600511,国药股份,09:48:53,40.0,80600,40.0,买盘
600511,国药股份,09:48:50,40.0,79100,40.05,卖盘
600511,国药股份,09:48:47,40.05,125637,40.21,中性盘
600511,国药股份,09:48:44,40.21,99800,40.17,买盘
600511,国药股份,09:48:41,40.17,93100,40.21,卖盘
600511,国药股份,09:48:38,40.21,1124651,40.25,买盘
600511,国药股份,09:48:35,40.25,1675753,40.25,卖盘
600511,国药股份,09:48:32,40.25,625100,40.25,卖盘
600511,国药股份,09:48:29,40.25,647900,40.25,卖盘
600511,国药股份,09:48:26,40.25,585000,40.25,卖盘
600511,国药股份,09:48:23,40.25,480967,40.25,卖盘
600511,国药股份,09:48:20,40.25,621788,40.25,卖盘
600511,国药股份,09:48:17,40.25,590800,40.25,卖盘
600511,国药股份,09:48:14,40.25,386700,40.25,卖盘
600511,国药股份,09:48:11,40.25,465958,40.25,卖盘
600511,国药股份,09:48:08,40.25,273100,40.25,卖盘
600511,国药股份,09:48:05,40.25,434700,40.25,卖盘
600511,国药股份,09:48:02,40.25,421492,40.25,卖盘
600511,国药股份,09:47:59,40.25,258200,40.25,卖盘
600511,国药股份,09:47:56,40.25,200900,40.25,卖盘
600511,国药股份,09:47:53,40.25,38100,40.25,卖盘
600511,国药股份,09:47:50,40.25,38300,40.25,卖盘
600511,国药股份,09:47:47,40.25,54200,40.25,卖盘
600511,国药股份,09:47:44,40.25,45600,40.25,卖盘
600511,国药股份,09:47:41,40.25,80900,40.25,卖盘
600511,国药股份,09:47:38,40.25,91500,40.25,卖盘
600511,国药股份,09:47:35,40.25,58700,40.25,卖盘
600511,国药股份,09:47:32,40.25,30100,40.25,卖盘
600511,国药股份,09:47:29,40.25,64100,40.25,卖盘
600511,国药股份,09:47:26,40.25,94700,40.25,卖盘
600511,国药股份,09:47:23,40.25,34900,40.25,卖盘
600511,国药股份,09:47:20,40.25,72000,40.25,卖盘
600511,国药股份,09:47:17,40.25,89900,40.25,卖盘
600511,国药股份,09:46:59,40.25,70168,40.25,卖盘
600511,国药股份,09:46:44,40.25,19400,40.25,卖盘
600511,国药股份,09:46:29,40.25,19200,40.25,卖盘
600511,国药股份,09:46:23,40.25,15300,40.25,卖盘
600511,国药股份,09:45:11,40.25,25564,40.25,卖盘
600511,国药股份,09:41:02,40.25,13500,40.25,卖盘
600511,国药股份,09:40:53,40.25,24200,40.25,卖盘
600511,国药股份,09:40:17,40.25,38900,40.25,卖盘
600511,国药股份,09:39:59,40.25,13300,40.25,卖盘
600511,国药股份,09:39:56,40.25,18400,40.25,卖盘
600511,国药股份,09:39:44,40.25,43900,40.25,卖盘
600511,国药股份,09:39:29,40.25,14300,40.25,卖盘
600511,国药股份,09:39:14,40.25,31100,40.25,卖盘
600511,国药股份,09:39:08,40.25,37900,40.25,卖盘
600511,国药股份,09:39:05,40.25,50500,40.25,卖盘
600511,国药股份,09:38:59,40.25,61500,40.25,卖盘
600511,国药股份,09:38:56,40.25,116000,40.25,卖盘
600511,国药股份,09:38:53,40.25,28500,40.25,卖盘
600511,国药股份,09:38:50,40.25,34500,40.25,卖盘
600511,国药股份,09:38:47,40.25,46821,40.25,卖盘
600511,国药股份,09:38:44,40.25,75400,40.25,卖盘
600511,国药股份,09:38:41,40.25,20400,40.25,卖盘
600511,国药股份,09:38:38,40.25,45100,40.25,卖盘
600511,国药股份,09:38:35,40.25,111400,40.25,卖盘
600511,国药股份,09:38:26,40.25,17900,40.25,卖盘
600511,国药股份,09:38:23,40.25,37200,40.25,卖盘
600511,国药股份,09:38:17,40.25,16200,40.25,卖盘
600511,国药股份,09:38:14,40.25,18000,40.25,卖盘
600511,国药股份,09:38:08,40.25,147300,40.25,卖盘
600511,国药股份,09:38:02,40.25,16200,40.25,卖盘
600511,国药股份,09:37:53,40.25,14200,40.25,卖盘
600511,国药股份,09:37:35,40.25,244700,40.25,卖盘
600511,国药股份,09:36:17,40.25,18800,40.25,卖盘
600511,国药股份,09:34:35,40.25,70200,40.25,卖盘
600511,国药股份,09:34:26,40.25,15300,40.25,卖盘
600511,国药股份,09:34:14,40.25,67400,40.25,卖盘
600511,国药股份,09:34:05,40.25,13300,40.25,卖盘
600511,国药股份,09:33:47,40.25,17900,40.25,卖盘
600511,国药股份,09:33:41,40.25,13500,40.25,卖盘
600511,国药股份,09:33:32,40.25,76200,40.25,卖盘
600511,国药股份,09:33:26,40.25,14000,40.25,卖盘
600511,国药股份,09:33:23,40.25,97700,40.25,卖盘
600511,国药股份,09:33:08,40.25,18800,40.25,卖盘
600511,国药股份,09:33:05,40.25,35300,40.25,卖盘
600511,国药股份,09:32:59,40.25,40300,40.25,卖盘
600511,国药股份,09:32:53,40.25,102500,40.25,卖盘
600511,国药股份,09:32:50,40.25,22500,40.25,卖盘
600511,国药股份,09:32:47,40.25,498900,40.25,卖盘
600511,国药股份,09:32:35,40.25,14100,40.25,卖盘
600511,国药股份,09:32:23,40.25,50700,40.25,卖盘
600511,国药股份,09:31:56,40.25,50000,40.25,卖盘
600511,国药股份,09:31:44,40.25,23100,40.25,卖盘
600511,国药股份,09:30:53,40.25,101900,40.25,卖盘
600511,国药股份,09:30:32,40.25,32018,40.25,卖盘
600511,国药股份,09:30:11,40.25,13231,40.25,卖盘
600511,国药股份,09:30:08,40.25,36869,40.25,卖盘
600511,国药股份,09:30:05,40.25,69423,40.25,卖盘
600511,国药股份,09:30:02,40.25,2210800,40.25,卖盘
600511,国药股份,09:25:00,40.25,641480,0.0,买盘
