code,name,time,price,volume,preprice,type
002196,方正电机,15:00:03,5.37,894400,5.37,中性盘
002196,方正电机,14:55:57,5.37,1000500,5.37,卖盘
002196,方正电机,14:31:51,5.37,100000,5.37,卖盘
002196,方正电机,14:27:15,5.37,201000,5.37,卖盘
002196,方正电机,14:25:39,5.37,150000,5.37,卖盘
002196,方正电机,14:24:39,5.37,200000,5.37,卖盘
002196,方正电机,14:23:15,5.37,45000,5.37,卖盘
002196,方正电机,14:21:00,5.37,50000,5.37,卖盘
002196,方正电机,14:20:57,5.37,50000,5.37,卖盘
002196,方正电机,14:18:09,5.37,100000,5.37,卖盘
002196,方正电机,14:17:57,5.37,50000,5.37,卖盘
002196,方正电机,14:12:45,5.37,30000,5.37,卖盘
002196,方正电机,14:03:54,5.37,30000,5.37,卖盘
002196,方正电机,14:03:33,5.37,30000,5.37,卖盘
002196,方正电机,14:02:45,5.37,32000,5.37,卖盘
002196,方正电机,14:02:36,5.37,30000,5.37,卖盘
002196,方正电机,14:02:06,5.37,50000,5.37,卖盘
002196,方正电机,14:01:42,5.37,50000,5.37,卖盘
002196,方正电机,14:01:00,5.37,50000,5.37,卖盘
002196,方正电机,13:11:06,5.37,55000,5.37,卖盘
002196,方正电机,13:07:57,5.37,30000,5.37,卖盘
002196,方正电机,13:00:09,5.37,85500,5.37,卖盘
002196,方正电机,13:00:03,5.37,79400,5.37,卖盘
002196,方正电机,11:19:24,5.37,129000,5.37,卖盘
002196,方正电机,11:04:51,5.37,50000,5.37,卖盘
002196,方正电机,11:03:12,5.37,150000,5.37,卖盘
002196,方正电机,11:01:51,5.37,50000,5.37,卖盘
002196,方正电机,11:01:48,5.37,30000,5.37,卖盘
002196,方正电机,11:01:12,5.37,40000,5.37,卖盘
002196,方正电机,10:50:24,5.37,130000,5.37,卖盘
002196,方正电机,10:46:24,5.37,30000,5.37,卖盘
002196,方正电机,10:41:21,5.37,370000,5.37,卖盘
002196,方正电机,10:29:42,5.37,61490,5.37,卖盘
002196,方正电机,10:18:51,5.37,32500,5.37,卖盘
002196,方正电机,10:18:42,5.37,50000,5.37,卖盘
002196,方正电机,10:18:33,5.37,47800,5.37,卖盘
002196,方正电机,10:18:15,5.37,55000,5.37,卖盘
002196,方正电机,10:18:12,5.37,39800,5.37,卖盘
002196,方正电机,10:18:03,5.37,116470,5.37,卖盘
002196,方正电机,10:18:00,5.37,154100,5.37,卖盘
002196,方正电机,10:17:57,5.37,90300,5.37,卖盘
002196,方正电机,10:17:54,5.37,203200,5.37,卖盘
002196,方正电机,10:17:51,5.37,268900,5.37,卖盘
002196,方正电机,10:17:48,5.37,72300,5.37,卖盘
002196,方正电机,10:17:45,5.37,171000,5.37,卖盘
002196,方正电机,10:17:42,5.37,342300,5.37,卖盘
002196,方正电机,10:17:39,5.37,87500,5.37,卖盘
002196,方正电机,10:17:36,5.37,31000,5.37,卖盘
002196,方正电机,10:17:33,5.37,68200,5.37,卖盘
002196,方正电机,10:17:30,5.37,46100,5.37,卖盘
002196,方正电机,10:17:18,5.37,60000,5.37,卖盘
002196,方正电机,10:15:33,5.37,167400,5.37,卖盘
002196,方正电机,10:14:15,5.37,78500,5.37,卖盘
002196,方正电机,10:13:39,5.37,57040,5.37,卖盘
002196,方正电机,10:13:33,5.37,52200,5.37,卖盘
002196,方正电机,10:11:54,5.37,29840,5.37,卖盘
002196,方正电机,10:11:24,5.37,80280,5.37,卖盘
002196,方正电机,10:10:03,5.37,30600,5.37,卖盘
002196,方正电机,09:48:36,5.37,44500,5.37,卖盘
002196,方正电机,09:47:15,5.37,47300,5.37,卖盘
002196,方正电机,09:42:42,5.37,111000,5.37,卖盘
002196,方正电机,09:42:15,5.37,32800,5.37,卖盘
002196,方正电机,09:41:00,5.37,112100,5.37,卖盘
002196,方正电机,09:40:18,5.37,32800,5.37,卖盘
002196,方正电机,09:38:12,5.37,103900,5.37,卖盘
002196,方正电机,09:37:51,5.37,39300,5.37,卖盘
002196,方正电机,09:37:36,5.37,30400,5.37,卖盘
002196,方正电机,09:37:30,5.37,30000,5.37,卖盘
002196,方正电机,09:37:18,5.37,30170,5.37,卖盘
002196,方正电机,09:37:15,5.37,60400,5.37,卖盘
002196,方正电机,09:37:03,5.37,52400,5.37,卖盘
002196,方正电机,09:37:00,5.37,28700,5.37,卖盘
002196,方正电机,09:36:30,5.37,98100,5.37,卖盘
002196,方正电机,09:36:18,5.37,29300,5.37,卖盘
002196,方正电机,09:36:09,5.37,57400,5.37,卖盘
002196,方正电机,09:36:03,5.37,107100,5.37,卖盘
002196,方正电机,09:36:00,5.37,42700,5.37,卖盘
002196,方正电机,09:35:57,5.37,65100,5.37,卖盘
002196,方正电机,09:35:48,5.37,110400,5.37,卖盘
002196,方正电机,09:35:45,5.37,31800,5.37,卖盘
002196,方正电机,09:35:42,5.37,34800,5.37,卖盘
002196,方正电机,09:35:39,5.37,39537,5.37,卖盘
002196,方正电机,09:35:36,5.37,104100,5.37,卖盘
002196,方正电机,09:35:33,5.37,156120,5.37,卖盘
002196,方正电机,09:35:27,5.37,130700,5.37,卖盘
002196,方正电机,09:35:21,5.37,35900,5.37,卖盘
002196,方正电机,09:35:12,5.37,110100,5.37,卖盘
002196,方正电机,09:34:57,5.37,51200,5.37,卖盘
002196,方正电机,09:34:54,5.37,41700,5.37,卖盘
002196,方正电机,09:34:45,5.37,46500,5.37,卖盘
002196,方正电机,09:34:42,5.37,49510,5.37,卖盘
002196,方正电机,09:34:36,5.37,42600,5.37,卖盘
002196,方正电机,09:34:27,5.37,41500,5.37,卖盘
002196,方正电机,09:34:24,5.37,145400,5.37,卖盘
002196,方正电机,09:34:15,5.37,71800,5.37,卖盘
002196,方正电机,09:34:12,5.37,30100,5.37,卖盘
002196,方正电机,09:34:03,5.37,38800,5.37,卖盘
002196,方正电机,09:33:54,5.37,1153170,5.22,买盘
002196,方正电机,09:33:51,5.22,56700,5.19,买盘
002196,方正电机,09:33:45,5.19,64200,5.17,买盘
002196,方正电机,09:33:42,5.17,72100,5.18,卖盘
002196,方正电机,09:33:39,5.18,30700,5.18,买盘
002196,方正电机,09:33:36,5.18,82700,5.17,买盘
002196,方正电机,09:33:24,5.15,49600,5.14,买盘
002196,方正电机,09:33:12,5.12,38100,5.15,卖盘
002196,方正电机,09:32:57,5.09,48700,5.1,买盘
002196,方正电机,09:32:51,5.13,66000,5.1,买盘
002196,方正电机,09:32:42,5.07,77700,5.09,卖盘
002196,方正电机,09:32:18,5.07,29500,5.1,买盘
002196,方正电机,09:32:15,5.1,67400,5.07,买盘
002196,方正电机,09:31:54,5.08,89600,5.06,买盘
002196,方正电机,09:31:51,5.06,31000,5.07,卖盘
002196,方正电机,09:31:48,5.07,54400,5.06,买盘
002196,方正电机,09:31:36,5.05,43400,5.05,买盘
002196,方正电机,09:31:21,5.08,71600,5.07,买盘
002196,方正电机,09:31:18,5.07,29600,5.05,买盘
002196,方正电机,09:30:45,5.08,40800,5.04,买盘
002196,方正电机,09:30:09,4.98,75100,4.96,买盘
002196,方正电机,09:30:06,4.96,28800,4.96,买盘
002196,方正电机,09:30:03,4.96,205500,5.01,卖盘
002196,方正电机,09:30:00,5.01,220300,4.97,买盘
002196,方正电机,09:25:00,4.97,192900,0.0,卖盘
