code,name,time,price,volume,preprice,type
300207,欣旺达,15:00:03,17.57,216000,17.57,中性盘
300207,欣旺达,14:44:27,17.57,80300,17.57,卖盘
300207,欣旺达,14:34:51,17.57,41800,17.57,卖盘
300207,欣旺达,14:34:42,17.57,68400,17.57,卖盘
300207,欣旺达,14:34:39,17.57,34500,17.57,卖盘
300207,欣旺达,14:34:36,17.57,52400,17.57,卖盘
300207,欣旺达,14:34:33,17.57,89600,17.57,卖盘
300207,欣旺达,14:34:30,17.57,325600,17.57,卖盘
300207,欣旺达,14:34:27,17.57,46600,17.57,卖盘
300207,欣旺达,14:34:24,17.57,40000,17.57,卖盘
300207,欣旺达,14:34:18,17.57,820400,17.57,卖盘
300207,欣旺达,14:33:51,17.57,257900,17.57,卖盘
300207,欣旺达,14:33:12,17.57,29000,17.57,卖盘
300207,欣旺达,14:32:24,17.57,53500,17.57,卖盘
300207,欣旺达,14:32:00,17.57,39000,17.57,卖盘
300207,欣旺达,14:31:54,17.57,100600,17.57,卖盘
300207,欣旺达,14:31:51,17.57,66300,17.57,卖盘
300207,欣旺达,14:31:45,17.57,52934,17.57,卖盘
300207,欣旺达,14:31:42,17.57,42200,17.57,卖盘
300207,欣旺达,14:31:36,17.57,39900,17.57,卖盘
300207,欣旺达,14:31:33,17.57,3863770,17.55,买盘
300207,欣旺达,14:31:27,17.55,359400,17.51,买盘
300207,欣旺达,14:31:21,17.53,176900,17.49,买盘
300207,欣旺达,14:31:18,17.49,44600,17.5,卖盘
300207,欣旺达,14:31:15,17.5,1969980,17.43,买盘
300207,欣旺达,14:30:36,17.37,138200,17.4,卖盘
300207,欣旺达,14:30:33,17.4,94700,17.37,买盘
300207,欣旺达,14:29:51,17.38,62400,17.38,卖盘
300207,欣旺达,14:24:15,17.4,63700,17.42,卖盘
300207,欣旺达,14:24:06,17.4,65900,17.43,卖盘
300207,欣旺达,14:24:03,17.43,105400,17.43,买盘
300207,欣旺达,14:23:06,17.42,37800,17.45,卖盘
300207,欣旺达,14:23:00,17.45,129600,17.4,买盘
300207,欣旺达,14:22:30,17.39,37100,17.4,中性盘
300207,欣旺达,14:21:45,17.43,37700,17.42,买盘
300207,欣旺达,14:21:33,17.43,46000,17.44,卖盘
300207,欣旺达,14:21:30,17.44,48700,17.44,买盘
300207,欣旺达,14:21:24,17.44,74600,17.44,卖盘
300207,欣旺达,14:21:06,17.44,75500,17.44,卖盘
300207,欣旺达,14:21:00,17.43,78700,17.44,卖盘
300207,欣旺达,14:20:51,17.45,68700,17.45,卖盘
300207,欣旺达,14:20:42,17.46,155500,17.46,卖盘
300207,欣旺达,14:20:36,17.46,77100,17.45,买盘
300207,欣旺达,14:20:06,17.45,52500,17.44,买盘
300207,欣旺达,14:19:57,17.43,55500,17.42,买盘
300207,欣旺达,14:19:48,17.43,82300,17.41,买盘
300207,欣旺达,14:19:42,17.41,66700,17.41,买盘
300207,欣旺达,14:19:36,17.39,230300,17.39,卖盘
300207,欣旺达,14:19:33,17.39,118720,17.39,买盘
300207,欣旺达,14:19:15,17.38,29900,17.38,买盘
300207,欣旺达,14:19:12,17.38,40000,17.38,买盘
300207,欣旺达,14:19:06,17.37,47500,17.36,买盘
300207,欣旺达,14:18:54,17.34,55800,17.32,买盘
300207,欣旺达,14:18:36,17.32,29700,17.34,卖盘
300207,欣旺达,14:17:36,17.35,87100,17.33,买盘
300207,欣旺达,14:16:48,17.37,35400,17.35,买盘
300207,欣旺达,14:16:09,17.33,97800,17.31,买盘
300207,欣旺达,14:16:00,17.3,74900,17.29,买盘
300207,欣旺达,14:13:36,17.27,38400,17.26,买盘
300207,欣旺达,14:13:33,17.26,81800,17.26,买盘
300207,欣旺达,14:13:27,17.25,29000,17.24,买盘
300207,欣旺达,14:13:18,17.25,54700,17.23,买盘
300207,欣旺达,14:12:54,17.22,35100,17.24,卖盘
300207,欣旺达,14:12:33,17.25,32600,17.26,卖盘
300207,欣旺达,14:11:12,17.3,37300,17.3,卖盘
300207,欣旺达,14:10:57,17.34,202800,17.35,买盘
300207,欣旺达,14:10:09,17.39,42580,17.39,卖盘
300207,欣旺达,14:09:09,17.41,115100,17.4,买盘
300207,欣旺达,14:09:06,17.4,179400,17.38,买盘
300207,欣旺达,14:09:03,17.38,41900,17.39,卖盘
300207,欣旺达,14:09:00,17.39,190200,17.4,中性盘
300207,欣旺达,14:08:45,17.38,225600,17.37,买盘
300207,欣旺达,14:07:42,17.33,48500,17.33,买盘
300207,欣旺达,14:07:39,17.33,29600,17.32,买盘
300207,欣旺达,14:07:33,17.31,67200,17.29,买盘
300207,欣旺达,14:07:18,17.29,65500,17.28,买盘
300207,欣旺达,14:06:48,17.3,84700,17.31,卖盘
300207,欣旺达,14:06:15,17.33,53000,17.33,买盘
300207,欣旺达,14:05:42,17.36,74300,17.35,买盘
300207,欣旺达,14:05:00,17.35,113300,17.36,卖盘
300207,欣旺达,14:04:39,17.4,51700,17.38,买盘
300207,欣旺达,14:04:30,17.4,31900,17.4,买盘
300207,欣旺达,14:04:21,17.4,93800,17.38,买盘
300207,欣旺达,14:04:18,17.38,78000,17.38,卖盘
300207,欣旺达,14:04:15,17.38,43400,17.38,买盘
300207,欣旺达,14:03:57,17.37,107100,17.35,买盘
300207,欣旺达,14:03:39,17.36,70100,17.35,买盘
300207,欣旺达,14:03:33,17.35,80300,17.31,买盘
300207,欣旺达,14:03:30,17.31,55100,17.31,卖盘
300207,欣旺达,14:03:24,17.3,29900,17.31,卖盘
300207,欣旺达,14:03:21,17.31,436063,17.25,买盘
300207,欣旺达,14:03:15,17.25,59000,17.24,买盘
300207,欣旺达,14:03:03,17.23,66900,17.21,买盘
300207,欣旺达,14:02:45,17.23,53100,17.22,买盘
300207,欣旺达,14:02:36,17.22,51300,17.23,中性盘
300207,欣旺达,14:01:57,17.2,247900,17.23,卖盘
300207,欣旺达,13:56:57,17.22,30100,17.22,卖盘
300207,欣旺达,13:53:57,17.22,45400,17.25,卖盘
300207,欣旺达,13:53:21,17.26,32800,17.26,买盘
300207,欣旺达,13:52:57,17.25,53100,17.24,买盘
300207,欣旺达,13:52:54,17.24,31800,17.23,买盘
300207,欣旺达,13:52:51,17.23,126200,17.23,买盘
300207,欣旺达,13:52:45,17.23,301900,17.18,买盘
300207,欣旺达,13:52:39,17.19,29500,17.19,买盘
300207,欣旺达,13:52:33,17.18,42500,17.18,买盘
300207,欣旺达,13:52:21,17.18,52400,17.18,买盘
300207,欣旺达,13:51:51,17.17,42300,17.17,买盘
300207,欣旺达,13:48:06,17.2,39600,17.2,卖盘
300207,欣旺达,13:48:03,17.2,77700,17.21,卖盘
300207,欣旺达,13:48:00,17.21,36900,17.2,买盘
300207,欣旺达,13:47:48,17.2,31700,17.2,卖盘
300207,欣旺达,13:47:27,17.2,209100,17.18,买盘
300207,欣旺达,13:46:30,17.18,32000,17.17,买盘
300207,欣旺达,13:45:18,17.13,33600,17.14,卖盘
300207,欣旺达,13:43:24,17.16,30600,17.17,卖盘
300207,欣旺达,13:42:24,17.15,46200,17.16,卖盘
300207,欣旺达,13:42:06,17.15,46100,17.15,买盘
300207,欣旺达,13:38:57,17.11,66500,17.11,买盘
300207,欣旺达,13:38:54,17.11,102000,17.11,买盘
300207,欣旺达,13:38:48,17.11,62100,17.1,买盘
300207,欣旺达,13:38:00,17.08,29800,17.1,卖盘
300207,欣旺达,13:37:39,17.1,41100,17.13,卖盘
300207,欣旺达,13:36:45,17.12,38300,17.12,卖盘
300207,欣旺达,13:36:06,17.15,156600,17.15,卖盘
300207,欣旺达,13:35:54,17.16,50300,17.15,中性盘
300207,欣旺达,13:35:51,17.15,70200,17.16,卖盘
300207,欣旺达,13:35:00,17.2,62000,17.2,买盘
300207,欣旺达,13:32:54,17.2,39100,17.2,买盘
300207,欣旺达,13:30:09,17.19,29800,17.18,买盘
300207,欣旺达,13:29:54,17.2,200100,17.17,买盘
300207,欣旺达,13:29:30,17.18,76700,17.18,买盘
300207,欣旺达,13:29:24,17.17,72500,17.16,买盘
300207,欣旺达,13:27:00,17.12,30200,17.12,买盘
300207,欣旺达,13:26:54,17.12,31000,17.13,中性盘
300207,欣旺达,13:26:45,17.11,34400,17.11,买盘
300207,欣旺达,13:26:27,17.14,30400,17.14,买盘
300207,欣旺达,13:25:12,17.11,31200,17.12,卖盘
300207,欣旺达,13:24:57,17.11,34700,17.11,买盘
300207,欣旺达,13:24:51,17.13,34900,17.13,买盘
300207,欣旺达,13:24:30,17.12,82000,17.11,买盘
300207,欣旺达,13:24:21,17.13,79100,17.13,买盘
300207,欣旺达,13:24:09,17.16,30300,17.14,买盘
300207,欣旺达,13:24:00,17.12,30100,17.15,卖盘
300207,欣旺达,13:23:48,17.15,37000,17.15,买盘
300207,欣旺达,13:23:42,17.14,29600,17.15,中性盘
300207,欣旺达,13:23:33,17.12,30300,17.16,卖盘
300207,欣旺达,13:23:27,17.16,73000,17.14,买盘
300207,欣旺达,13:22:30,17.16,49900,17.17,卖盘
300207,欣旺达,13:22:00,17.18,42500,17.18,卖盘
300207,欣旺达,13:21:15,17.19,37300,17.18,买盘
300207,欣旺达,13:19:15,17.2,176300,17.16,买盘
300207,欣旺达,13:18:33,17.2,31300,17.19,买盘
300207,欣旺达,13:18:30,17.19,116800,17.19,卖盘
300207,欣旺达,13:18:21,17.19,50700,17.19,买盘
300207,欣旺达,13:18:18,17.19,47400,17.18,买盘
300207,欣旺达,13:18:06,17.16,76400,17.16,买盘
300207,欣旺达,13:17:45,17.11,45000,17.1,买盘
300207,欣旺达,13:17:42,17.1,54647,17.09,买盘
300207,欣旺达,13:17:36,17.08,42500,17.06,买盘
300207,欣旺达,13:17:33,17.06,32400,17.06,买盘
300207,欣旺达,13:17:30,17.06,45000,17.06,买盘
300207,欣旺达,13:16:09,17.07,30859,17.06,买盘
300207,欣旺达,13:16:06,17.06,35541,17.07,卖盘
300207,欣旺达,13:10:39,17.13,59500,17.13,卖盘
300207,欣旺达,13:07:45,17.16,43300,17.17,卖盘
300207,欣旺达,13:05:54,17.22,193300,17.18,买盘
300207,欣旺达,13:05:06,17.19,67600,17.18,买盘
300207,欣旺达,13:04:42,17.16,29900,17.15,买盘
300207,欣旺达,13:02:36,17.12,47100,17.15,卖盘
300207,欣旺达,13:00:45,17.12,33300,17.12,卖盘
300207,欣旺达,13:00:09,17.13,33200,17.13,卖盘
300207,欣旺达,13:00:06,17.13,46200,17.12,中性盘
300207,欣旺达,13:00:03,17.12,93900,17.12,买盘
300207,欣旺达,11:29:42,17.12,37000,17.09,买盘
300207,欣旺达,11:28:33,17.12,29700,17.11,买盘
300207,欣旺达,11:26:24,17.15,32700,17.15,买盘
300207,欣旺达,11:25:21,17.14,32300,17.17,卖盘
300207,欣旺达,11:16:33,17.19,46000,17.21,卖盘
300207,欣旺达,11:15:00,17.25,36800,17.24,买盘
300207,欣旺达,11:14:57,17.24,53100,17.24,卖盘
300207,欣旺达,11:14:33,17.21,35700,17.22,卖盘
300207,欣旺达,11:10:03,17.19,36400,17.2,买盘
300207,欣旺达,11:10:00,17.2,48500,17.19,买盘
300207,欣旺达,11:09:54,17.19,30600,17.18,买盘
300207,欣旺达,11:09:09,17.15,31700,17.14,买盘
300207,欣旺达,11:08:48,17.15,31400,17.16,卖盘
300207,欣旺达,11:08:24,17.16,53100,17.17,卖盘
300207,欣旺达,11:07:51,17.18,29400,17.17,买盘
300207,欣旺达,11:06:21,17.2,29200,17.23,卖盘
300207,欣旺达,11:06:06,17.25,50700,17.25,卖盘
300207,欣旺达,11:05:30,17.25,35200,17.25,卖盘
300207,欣旺达,11:04:57,17.21,45300,17.18,买盘
300207,欣旺达,11:04:51,17.19,34600,17.18,买盘
300207,欣旺达,11:03:12,17.2,66300,17.22,卖盘
300207,欣旺达,11:01:12,17.21,96600,17.25,卖盘
300207,欣旺达,11:01:03,17.25,37000,17.25,买盘
300207,欣旺达,11:00:54,17.25,44500,17.24,买盘
300207,欣旺达,11:00:24,17.25,30900,17.28,卖盘
300207,欣旺达,11:00:00,17.29,36900,17.3,卖盘
300207,欣旺达,10:59:39,17.28,33200,17.29,卖盘
300207,欣旺达,10:59:24,17.28,63000,17.28,买盘
300207,欣旺达,10:57:27,17.4,50800,17.42,卖盘
300207,欣旺达,10:56:30,17.47,34200,17.5,卖盘
300207,欣旺达,10:56:27,17.5,38200,17.48,买盘
300207,欣旺达,10:56:24,17.48,81700,17.46,买盘
300207,欣旺达,10:56:21,17.46,83700,17.47,卖盘
300207,欣旺达,10:56:18,17.47,293400,17.47,卖盘
300207,欣旺达,10:56:03,17.45,85400,17.4,买盘
300207,欣旺达,10:56:00,17.4,37900,17.4,买盘
300207,欣旺达,10:55:57,17.4,65100,17.38,买盘
300207,欣旺达,10:55:54,17.38,74000,17.37,中性盘
300207,欣旺达,10:55:48,17.37,345400,17.37,买盘
300207,欣旺达,10:55:42,17.35,34700,17.37,卖盘
300207,欣旺达,10:55:21,17.32,37300,17.36,卖盘
300207,欣旺达,10:54:54,17.3,127800,17.28,买盘
300207,欣旺达,10:54:48,17.31,308000,17.24,买盘
300207,欣旺达,10:54:18,17.25,77900,17.25,卖盘
300207,欣旺达,10:53:33,17.28,30000,17.26,买盘
300207,欣旺达,10:53:00,17.3,57200,17.29,买盘
300207,欣旺达,10:52:51,17.31,29700,17.31,买盘
300207,欣旺达,10:52:48,17.31,75400,17.3,买盘
300207,欣旺达,10:52:33,17.33,43200,17.37,卖盘
300207,欣旺达,10:52:30,17.37,35100,17.35,买盘
300207,欣旺达,10:52:27,17.35,45400,17.35,卖盘
300207,欣旺达,10:52:24,17.35,67800,17.34,买盘
300207,欣旺达,10:52:21,17.34,38700,17.34,卖盘
300207,欣旺达,10:52:18,17.34,69000,17.32,买盘
300207,欣旺达,10:52:12,17.34,134900,17.35,中性盘
300207,欣旺达,10:52:09,17.35,74000,17.34,买盘
300207,欣旺达,10:52:06,17.34,98700,17.35,中性盘
300207,欣旺达,10:51:54,17.35,67200,17.3,买盘
300207,欣旺达,10:51:51,17.3,151500,17.29,买盘
300207,欣旺达,10:51:48,17.29,75100,17.28,买盘
300207,欣旺达,10:51:45,17.28,59400,17.27,买盘
300207,欣旺达,10:51:42,17.27,141300,17.27,卖盘
300207,欣旺达,10:51:39,17.27,37200,17.25,买盘
300207,欣旺达,10:51:36,17.25,71500,17.24,买盘
300207,欣旺达,10:51:30,17.24,33600,17.23,买盘
300207,欣旺达,10:51:27,17.23,442300,17.19,买盘
300207,欣旺达,10:51:24,17.19,127300,17.18,买盘
300207,欣旺达,10:51:21,17.18,341612,17.17,买盘
300207,欣旺达,10:51:18,17.17,150600,17.16,买盘
300207,欣旺达,10:51:15,17.16,60300,17.13,买盘
300207,欣旺达,10:51:12,17.13,104600,17.13,卖盘
300207,欣旺达,10:51:09,17.13,584300,17.11,买盘
300207,欣旺达,10:51:06,17.11,271690,17.1,买盘
300207,欣旺达,10:50:57,17.08,313200,17.07,买盘
300207,欣旺达,10:50:51,17.07,67400,17.06,买盘
300207,欣旺达,10:50:21,17.04,50200,17.05,中性盘
300207,欣旺达,10:50:18,17.05,39600,17.05,买盘
300207,欣旺达,10:50:09,17.02,46100,17.01,买盘
300207,欣旺达,10:50:03,17.01,39700,17.01,买盘
300207,欣旺达,10:49:57,17.01,30700,17.0,买盘
300207,欣旺达,10:48:21,17.0,74100,17.04,卖盘
300207,欣旺达,10:47:09,17.05,37200,17.04,买盘
300207,欣旺达,10:45:42,16.97,34200,17.0,卖盘
300207,欣旺达,10:45:39,17.0,95700,17.0,买盘
300207,欣旺达,10:45:36,17.0,67400,16.98,买盘
300207,欣旺达,10:45:33,16.98,49200,16.97,买盘
300207,欣旺达,10:45:27,16.96,32000,16.94,买盘
300207,欣旺达,10:45:24,16.94,41700,16.94,买盘
300207,欣旺达,10:45:00,16.93,34600,16.93,买盘
300207,欣旺达,10:44:48,16.94,61100,16.94,买盘
300207,欣旺达,10:42:45,16.93,35700,16.96,卖盘
300207,欣旺达,10:42:42,16.96,40000,16.93,买盘
300207,欣旺达,10:42:30,16.93,34100,16.93,买盘
300207,欣旺达,10:42:27,16.93,47400,16.93,买盘
300207,欣旺达,10:42:00,16.93,39000,16.94,卖盘
300207,欣旺达,10:41:03,16.92,42200,16.91,卖盘
300207,欣旺达,10:40:57,16.92,30300,16.93,卖盘
300207,欣旺达,10:40:30,16.9,69200,16.93,卖盘
300207,欣旺达,10:40:24,16.9,31200,16.88,买盘
300207,欣旺达,10:40:21,16.88,254900,16.97,卖盘
300207,欣旺达,10:40:00,16.93,49000,16.95,卖盘
300207,欣旺达,10:39:54,16.95,49000,16.97,卖盘
300207,欣旺达,10:38:51,16.99,33900,16.96,买盘
300207,欣旺达,10:38:42,16.98,49800,16.97,买盘
300207,欣旺达,10:38:39,16.97,35100,16.96,买盘
300207,欣旺达,10:38:33,16.96,61200,16.95,买盘
300207,欣旺达,10:38:30,16.95,29700,16.94,买盘
300207,欣旺达,10:38:12,16.94,29600,16.95,卖盘
300207,欣旺达,10:37:42,16.98,47400,16.98,买盘
300207,欣旺达,10:37:24,16.99,29700,16.99,买盘
300207,欣旺达,10:36:09,17.02,63800,17.02,卖盘
300207,欣旺达,10:35:30,17.07,34900,17.08,卖盘
300207,欣旺达,10:34:06,17.13,55400,17.12,买盘
300207,欣旺达,10:34:00,17.12,46100,17.11,买盘
300207,欣旺达,10:33:48,17.12,29700,17.13,卖盘
300207,欣旺达,10:33:45,17.13,80400,17.11,买盘
300207,欣旺达,10:33:33,17.09,67000,17.12,卖盘
300207,欣旺达,10:33:27,17.11,39300,17.1,买盘
300207,欣旺达,10:33:24,17.1,60000,17.1,买盘
300207,欣旺达,10:33:21,17.1,37600,17.08,买盘
300207,欣旺达,10:33:18,17.08,52700,17.09,卖盘
300207,欣旺达,10:33:15,17.09,32300,17.09,中性盘
300207,欣旺达,10:33:12,17.09,73700,17.08,买盘
300207,欣旺达,10:33:06,17.08,29600,17.06,买盘
300207,欣旺达,10:33:03,17.06,74100,17.07,卖盘
300207,欣旺达,10:31:57,17.11,38800,17.11,卖盘
300207,欣旺达,10:31:39,17.12,32300,17.12,卖盘
300207,欣旺达,10:31:06,17.12,44100,17.1,买盘
300207,欣旺达,10:30:51,17.1,69900,17.08,买盘
300207,欣旺达,10:30:00,17.09,87900,17.1,卖盘
300207,欣旺达,10:29:57,17.1,86500,17.1,卖盘
300207,欣旺达,10:29:06,17.11,31700,17.11,买盘
300207,欣旺达,10:28:30,17.1,82500,17.09,买盘
300207,欣旺达,10:28:21,17.09,108200,17.09,买盘
300207,欣旺达,10:28:03,17.09,33900,17.09,买盘
300207,欣旺达,10:28:00,17.09,62600,17.08,买盘
300207,欣旺达,10:27:57,17.08,50700,17.05,买盘
300207,欣旺达,10:27:54,17.05,75100,17.04,买盘
300207,欣旺达,10:26:09,17.01,49900,17.02,卖盘
300207,欣旺达,10:25:36,17.0,41395,17.01,卖盘
300207,欣旺达,10:25:21,17.01,29400,17.01,卖盘
300207,欣旺达,10:24:09,17.06,59379,17.05,买盘
300207,欣旺达,10:23:12,17.08,42300,17.08,买盘
300207,欣旺达,10:22:54,17.1,45721,17.1,卖盘
300207,欣旺达,10:22:51,17.1,46900,17.1,卖盘
300207,欣旺达,10:22:42,17.1,44279,17.1,买盘
300207,欣旺达,10:22:21,17.1,219479,17.09,买盘
300207,欣旺达,10:22:15,17.09,57800,17.09,卖盘
300207,欣旺达,10:22:12,17.09,47700,17.08,买盘
300207,欣旺达,10:21:48,17.09,30000,17.09,买盘
300207,欣旺达,10:21:45,17.09,44600,17.09,卖盘
300207,欣旺达,10:21:09,17.08,45800,17.08,买盘
300207,欣旺达,10:20:51,17.08,46200,17.08,买盘
300207,欣旺达,10:20:36,17.09,41300,17.08,买盘
300207,欣旺达,10:20:21,17.05,101748,17.05,买盘
300207,欣旺达,10:20:18,17.05,30100,17.04,买盘
300207,欣旺达,10:20:15,17.04,114400,17.01,买盘
300207,欣旺达,10:20:12,17.01,157200,16.98,买盘
300207,欣旺达,10:20:09,16.98,31900,16.99,卖盘
300207,欣旺达,10:19:15,16.98,40300,16.98,卖盘
300207,欣旺达,10:17:57,17.0,30000,17.0,卖盘
300207,欣旺达,10:17:54,17.0,59000,17.0,卖盘
300207,欣旺达,10:17:51,17.0,30000,17.0,卖盘
300207,欣旺达,10:17:48,17.0,51500,17.01,卖盘
300207,欣旺达,10:17:42,17.0,62900,17.02,卖盘
300207,欣旺达,10:17:12,17.01,40000,17.01,买盘
300207,欣旺达,10:17:03,16.98,93700,16.98,卖盘
300207,欣旺达,10:16:39,17.0,123118,16.98,买盘
300207,欣旺达,10:16:36,16.98,42200,16.97,买盘
300207,欣旺达,10:16:18,16.94,68200,16.96,卖盘
300207,欣旺达,10:16:15,16.96,51700,16.95,买盘
300207,欣旺达,10:16:12,16.95,47300,16.95,买盘
300207,欣旺达,10:16:09,16.95,105700,16.93,买盘
300207,欣旺达,10:16:06,16.93,46200,16.94,卖盘
300207,欣旺达,10:16:03,16.94,102100,16.92,买盘
300207,欣旺达,10:16:00,16.92,80600,16.91,买盘
300207,欣旺达,10:15:57,16.91,57900,16.9,买盘
300207,欣旺达,10:15:39,16.88,47600,16.9,卖盘
300207,欣旺达,10:15:33,16.91,129300,16.87,买盘
300207,欣旺达,10:15:21,16.88,37300,16.89,卖盘
300207,欣旺达,10:15:09,16.9,66900,16.88,买盘
300207,欣旺达,10:14:48,16.9,56100,16.93,卖盘
300207,欣旺达,10:14:42,16.91,32100,16.91,买盘
300207,欣旺达,10:14:39,16.91,72500,16.92,卖盘
300207,欣旺达,10:14:36,16.92,33000,16.92,卖盘
300207,欣旺达,10:14:27,16.91,43000,16.95,卖盘
300207,欣旺达,10:14:18,16.92,71300,16.92,卖盘
300207,欣旺达,10:14:09,16.92,44600,16.94,卖盘
300207,欣旺达,10:13:57,16.91,31100,16.93,卖盘
300207,欣旺达,10:13:54,16.93,32600,16.91,买盘
300207,欣旺达,10:13:48,16.9,132500,16.91,卖盘
300207,欣旺达,10:13:45,16.91,33400,16.91,买盘
300207,欣旺达,10:13:42,16.91,55099,16.89,买盘
300207,欣旺达,10:13:18,16.87,78200,16.86,买盘
300207,欣旺达,10:13:06,16.86,33000,16.88,卖盘
300207,欣旺达,10:13:03,16.88,71300,16.87,买盘
300207,欣旺达,10:13:00,16.87,31300,16.85,买盘
300207,欣旺达,10:12:42,16.86,33100,16.88,卖盘
300207,欣旺达,10:12:39,16.88,48900,16.88,买盘
300207,欣旺达,10:12:24,16.9,34500,16.88,买盘
300207,欣旺达,10:12:15,16.88,36200,16.88,卖盘
300207,欣旺达,10:11:15,16.92,107400,16.92,卖盘
300207,欣旺达,10:11:00,16.92,33300,16.92,买盘
300207,欣旺达,10:10:54,16.93,34300,16.94,中性盘
300207,欣旺达,10:10:51,16.94,39900,16.92,买盘
300207,欣旺达,10:10:33,16.91,48600,16.91,卖盘
300207,欣旺达,10:10:18,16.92,42100,16.92,买盘
300207,欣旺达,10:10:12,16.89,56478,16.89,卖盘
300207,欣旺达,10:10:09,16.89,54000,16.89,买盘
300207,欣旺达,10:10:06,16.89,65200,16.87,买盘
300207,欣旺达,10:09:51,16.9,137222,16.9,买盘
300207,欣旺达,10:09:48,16.9,31700,16.9,买盘
300207,欣旺达,10:09:39,16.9,57800,16.93,卖盘
300207,欣旺达,10:09:12,16.97,31900,16.96,买盘
300207,欣旺达,10:09:09,16.96,87482,16.98,卖盘
300207,欣旺达,10:08:54,16.99,34400,16.98,买盘
300207,欣旺达,10:08:45,17.0,52400,16.99,买盘
300207,欣旺达,10:08:42,16.99,40500,16.99,买盘
300207,欣旺达,10:08:27,17.01,31800,17.01,卖盘
300207,欣旺达,10:08:03,17.0,34800,17.02,卖盘
300207,欣旺达,10:08:00,17.02,31800,17.0,买盘
300207,欣旺达,10:07:57,17.0,47600,16.99,买盘
300207,欣旺达,10:07:51,17.0,51600,17.0,卖盘
300207,欣旺达,10:07:45,16.98,126100,17.0,卖盘
300207,欣旺达,10:07:36,16.98,32100,16.99,卖盘
300207,欣旺达,10:07:30,16.98,56200,16.97,买盘
300207,欣旺达,10:07:18,16.98,44900,16.97,买盘
300207,欣旺达,10:07:06,17.0,32100,17.0,买盘
300207,欣旺达,10:06:57,17.02,66100,17.02,买盘
300207,欣旺达,10:06:48,17.0,41900,16.99,卖盘
300207,欣旺达,10:06:45,16.99,111100,16.99,买盘
300207,欣旺达,10:06:42,16.99,89200,16.99,卖盘
300207,欣旺达,10:06:39,16.99,91200,16.99,买盘
300207,欣旺达,10:06:33,16.99,47300,17.0,卖盘
300207,欣旺达,10:06:21,17.0,42900,17.02,卖盘
300207,欣旺达,10:06:09,17.05,90200,17.07,卖盘
300207,欣旺达,10:06:06,17.07,61600,17.08,卖盘
300207,欣旺达,10:05:57,17.08,40500,17.09,卖盘
300207,欣旺达,10:05:27,17.12,34400,17.12,买盘
300207,欣旺达,10:05:21,17.11,58500,17.13,卖盘
300207,欣旺达,10:05:09,17.13,29500,17.14,卖盘
300207,欣旺达,10:05:00,17.13,30800,17.13,卖盘
300207,欣旺达,10:04:48,17.16,38600,17.15,买盘
300207,欣旺达,10:04:45,17.15,38200,17.16,中性盘
300207,欣旺达,10:04:42,17.16,37400,17.15,买盘
300207,欣旺达,10:04:33,17.17,52500,17.16,买盘
300207,欣旺达,10:04:30,17.16,30100,17.15,买盘
300207,欣旺达,10:04:21,17.17,68700,17.16,买盘
300207,欣旺达,10:04:18,17.16,29200,17.16,卖盘
300207,欣旺达,10:04:15,17.16,48100,17.16,买盘
300207,欣旺达,10:03:54,17.15,76100,17.12,买盘
300207,欣旺达,10:03:48,17.13,32800,17.12,买盘
300207,欣旺达,10:03:45,17.12,47800,17.11,买盘
300207,欣旺达,10:03:36,17.11,43700,17.1,买盘
300207,欣旺达,10:03:30,17.11,65400,17.09,买盘
300207,欣旺达,10:03:27,17.09,33200,17.1,卖盘
300207,欣旺达,10:03:18,17.09,41300,17.08,买盘
300207,欣旺达,10:03:06,17.08,34600,17.06,买盘
300207,欣旺达,10:03:03,17.06,33000,17.06,卖盘
300207,欣旺达,10:02:06,17.08,94000,17.08,买盘
300207,欣旺达,10:01:54,17.09,31300,17.08,买盘
300207,欣旺达,10:01:48,17.09,36400,17.1,卖盘
300207,欣旺达,10:01:45,17.1,33000,17.1,买盘
300207,欣旺达,10:01:39,17.1,53100,17.11,卖盘
300207,欣旺达,10:01:36,17.11,29500,17.1,买盘
300207,欣旺达,10:01:33,17.1,31600,17.1,卖盘
300207,欣旺达,10:01:30,17.1,45800,17.11,卖盘
300207,欣旺达,10:01:24,17.1,69700,17.09,买盘
300207,欣旺达,10:01:21,17.09,52600,17.1,卖盘
300207,欣旺达,10:01:18,17.1,46400,17.11,卖盘
300207,欣旺达,10:01:15,17.11,85100,17.12,卖盘
300207,欣旺达,10:01:12,17.12,68200,17.13,卖盘
300207,欣旺达,10:01:09,17.13,32000,17.12,卖盘
300207,欣旺达,10:01:03,17.1,53900,17.1,卖盘
300207,欣旺达,10:01:00,17.1,50900,17.1,买盘
300207,欣旺达,10:00:57,17.1,101600,17.06,买盘
300207,欣旺达,10:00:54,17.06,131100,17.07,卖盘
300207,欣旺达,10:00:51,17.07,59900,17.05,买盘
300207,欣旺达,10:00:48,17.05,33700,17.05,买盘
300207,欣旺达,10:00:45,17.05,37100,17.01,买盘
300207,欣旺达,10:00:42,17.01,69000,17.01,买盘
300207,欣旺达,10:00:39,17.01,813700,16.98,买盘
300207,欣旺达,10:00:36,16.98,114200,16.98,买盘
300207,欣旺达,10:00:33,16.98,101300,16.97,买盘
300207,欣旺达,10:00:30,16.97,138100,16.91,买盘
300207,欣旺达,10:00:27,16.91,81400,16.94,卖盘
300207,欣旺达,10:00:24,16.94,198800,16.91,买盘
300207,欣旺达,10:00:15,16.91,68400,16.9,买盘
300207,欣旺达,10:00:12,16.9,61182,16.9,买盘
300207,欣旺达,10:00:06,16.9,58300,16.89,买盘
300207,欣旺达,09:59:33,16.91,33600,16.91,买盘
300207,欣旺达,09:59:06,16.91,81300,16.91,卖盘
300207,欣旺达,09:59:03,16.91,29700,16.91,卖盘
300207,欣旺达,09:58:57,16.91,33600,16.91,买盘
300207,欣旺达,09:58:45,16.93,87500,16.93,买盘
300207,欣旺达,09:58:39,16.92,143700,16.93,买盘
300207,欣旺达,09:58:30,16.93,43300,16.93,卖盘
300207,欣旺达,09:57:57,16.93,33400,16.93,卖盘
300207,欣旺达,09:57:54,16.93,78900,16.93,卖盘
300207,欣旺达,09:57:51,16.93,35300,16.92,买盘
300207,欣旺达,09:57:39,16.91,62340,16.93,卖盘
300207,欣旺达,09:57:33,16.92,42900,16.94,卖盘
300207,欣旺达,09:57:30,16.94,47100,16.91,买盘
300207,欣旺达,09:57:18,16.91,94300,16.92,卖盘
300207,欣旺达,09:57:09,16.92,33200,16.93,中性盘
300207,欣旺达,09:57:06,16.93,47900,16.91,买盘
300207,欣旺达,09:56:57,16.9,38800,16.9,卖盘
300207,欣旺达,09:56:54,16.9,40800,16.9,卖盘
300207,欣旺达,09:56:51,16.9,39378,16.9,卖盘
300207,欣旺达,09:56:45,16.89,42200,16.92,卖盘
300207,欣旺达,09:56:33,16.92,66400,16.91,买盘
300207,欣旺达,09:56:30,16.91,32700,16.93,卖盘
300207,欣旺达,09:56:21,16.94,44500,16.94,买盘
300207,欣旺达,09:56:18,16.94,46200,16.94,卖盘
300207,欣旺达,09:56:00,16.97,38300,16.97,买盘
300207,欣旺达,09:55:54,16.95,66300,16.97,卖盘
300207,欣旺达,09:55:51,16.97,52100,16.98,卖盘
300207,欣旺达,09:55:48,16.98,55700,16.97,买盘
300207,欣旺达,09:55:45,16.97,72700,16.97,卖盘
300207,欣旺达,09:55:42,16.97,32100,16.98,卖盘
300207,欣旺达,09:55:39,16.98,49900,16.98,卖盘
300207,欣旺达,09:55:36,16.98,56200,16.97,买盘
300207,欣旺达,09:55:33,16.97,67200,16.97,卖盘
300207,欣旺达,09:55:30,16.97,93700,16.97,卖盘
300207,欣旺达,09:55:27,16.97,87400,16.97,卖盘
300207,欣旺达,09:55:21,16.97,63000,16.97,买盘
300207,欣旺达,09:55:12,16.96,85400,16.96,买盘
300207,欣旺达,09:55:09,16.96,46200,16.95,买盘
300207,欣旺达,09:55:03,16.95,34600,16.96,卖盘
300207,欣旺达,09:55:00,16.96,115600,16.94,买盘
300207,欣旺达,09:54:57,16.94,61700,16.95,卖盘
300207,欣旺达,09:54:54,16.95,37500,16.95,卖盘
300207,欣旺达,09:54:51,16.95,58200,16.95,买盘
300207,欣旺达,09:54:39,16.95,137000,16.9,买盘
300207,欣旺达,09:54:33,16.93,80100,16.9,买盘
300207,欣旺达,09:54:30,16.9,79500,16.9,卖盘
300207,欣旺达,09:54:27,16.9,57100,16.9,卖盘
300207,欣旺达,09:54:21,16.87,549900,16.86,买盘
300207,欣旺达,09:54:18,16.86,70700,16.85,买盘
300207,欣旺达,09:54:06,16.83,113900,16.81,买盘
300207,欣旺达,09:54:03,16.81,33300,16.82,卖盘
300207,欣旺达,09:54:00,16.82,101800,16.81,买盘
300207,欣旺达,09:53:57,16.81,74900,16.8,中性盘
300207,欣旺达,09:53:54,16.8,51800,16.79,卖盘
300207,欣旺达,09:53:48,16.8,53800,16.78,买盘
300207,欣旺达,09:53:45,16.78,84800,16.78,买盘
300207,欣旺达,09:53:42,16.78,59600,16.8,卖盘
300207,欣旺达,09:53:30,16.79,59400,16.78,买盘
300207,欣旺达,09:53:27,16.78,49300,16.8,卖盘
300207,欣旺达,09:53:24,16.8,32700,16.8,买盘
300207,欣旺达,09:53:18,16.79,49400,16.78,买盘
300207,欣旺达,09:53:15,16.78,33800,16.77,买盘
300207,欣旺达,09:53:09,16.78,54500,16.77,中性盘
300207,欣旺达,09:53:06,16.77,148100,16.78,卖盘
300207,欣旺达,09:53:03,16.78,35903,16.78,买盘
300207,欣旺达,09:53:00,16.78,86700,16.78,卖盘
300207,欣旺达,09:52:30,16.81,101700,16.8,买盘
300207,欣旺达,09:52:00,16.82,39400,16.83,卖盘
300207,欣旺达,09:51:57,16.83,181100,16.82,买盘
300207,欣旺达,09:51:36,16.85,46900,16.84,买盘
300207,欣旺达,09:51:33,16.84,32600,16.84,买盘
300207,欣旺达,09:51:27,16.83,32100,16.83,卖盘
300207,欣旺达,09:51:24,16.83,62800,16.81,买盘
300207,欣旺达,09:51:21,16.81,182100,16.78,买盘
300207,欣旺达,09:51:18,16.78,71200,16.77,买盘
300207,欣旺达,09:51:15,16.77,49000,16.75,买盘
300207,欣旺达,09:51:12,16.75,45800,16.73,买盘
300207,欣旺达,09:51:09,16.73,139300,16.69,买盘
300207,欣旺达,09:51:06,16.69,78375,16.69,卖盘
300207,欣旺达,09:51:03,16.69,71400,16.69,买盘
300207,欣旺达,09:50:51,16.7,70100,16.7,卖盘
300207,欣旺达,09:50:45,16.7,78400,16.73,卖盘
300207,欣旺达,09:50:39,16.73,93400,16.72,买盘
300207,欣旺达,09:50:36,16.72,70900,16.73,卖盘
300207,欣旺达,09:50:15,16.75,74200,16.76,卖盘
300207,欣旺达,09:50:09,16.76,53200,16.76,买盘
300207,欣旺达,09:49:57,16.76,31300,16.76,买盘
300207,欣旺达,09:49:21,16.75,42800,16.75,卖盘
300207,欣旺达,09:49:12,16.76,59500,16.73,买盘
300207,欣旺达,09:49:09,16.73,54500,16.78,卖盘
300207,欣旺达,09:49:06,16.78,51800,16.74,中性盘
300207,欣旺达,09:49:00,16.76,98900,16.76,卖盘
300207,欣旺达,09:48:57,16.76,65700,16.74,买盘
300207,欣旺达,09:48:54,16.74,35000,16.75,卖盘
300207,欣旺达,09:48:51,16.75,31300,16.77,卖盘
300207,欣旺达,09:48:48,16.77,60400,16.8,买盘
300207,欣旺达,09:48:36,16.76,126200,16.77,卖盘
300207,欣旺达,09:48:27,16.73,66000,16.78,卖盘
300207,欣旺达,09:48:24,16.78,34600,16.8,卖盘
300207,欣旺达,09:48:03,16.84,38800,16.83,中性盘
300207,欣旺达,09:48:00,16.83,43100,16.83,卖盘
300207,欣旺达,09:47:57,16.83,35100,16.83,卖盘
300207,欣旺达,09:47:51,16.83,34100,16.83,卖盘
300207,欣旺达,09:47:39,16.79,45700,16.81,卖盘
300207,欣旺达,09:47:36,16.81,64400,16.81,买盘
300207,欣旺达,09:47:30,16.79,51900,16.8,卖盘
300207,欣旺达,09:47:27,16.8,65700,16.79,买盘
300207,欣旺达,09:47:24,16.79,33400,16.79,买盘
300207,欣旺达,09:47:21,16.79,62600,16.79,卖盘
300207,欣旺达,09:47:18,16.79,224100,16.79,卖盘
300207,欣旺达,09:47:15,16.79,42700,16.79,买盘
300207,欣旺达,09:47:12,16.79,149300,16.78,买盘
300207,欣旺达,09:47:09,16.78,46400,16.8,中性盘
300207,欣旺达,09:47:00,16.79,44200,16.77,买盘
300207,欣旺达,09:46:57,16.77,87500,16.79,卖盘
300207,欣旺达,09:46:54,16.79,52700,16.8,卖盘
300207,欣旺达,09:46:48,16.8,82400,16.8,买盘
300207,欣旺达,09:46:45,16.8,37100,16.82,卖盘
300207,欣旺达,09:46:42,16.82,57600,16.82,买盘
300207,欣旺达,09:46:39,16.82,83700,16.85,卖盘
300207,欣旺达,09:46:36,16.85,48500,16.85,买盘
300207,欣旺达,09:46:30,16.82,60300,16.81,中性盘
300207,欣旺达,09:46:27,16.81,63200,16.86,卖盘
300207,欣旺达,09:46:24,16.86,67700,16.86,卖盘
300207,欣旺达,09:46:18,16.88,50200,16.87,买盘
300207,欣旺达,09:46:15,16.87,38000,16.88,中性盘
300207,欣旺达,09:46:12,16.88,34400,16.89,卖盘
300207,欣旺达,09:46:09,16.89,32200,16.91,卖盘
300207,欣旺达,09:46:06,16.91,51400,16.89,买盘
300207,欣旺达,09:46:03,16.89,64700,16.89,卖盘
300207,欣旺达,09:46:00,16.89,143500,16.9,卖盘
300207,欣旺达,09:45:57,16.9,36400,16.89,买盘
300207,欣旺达,09:45:54,16.89,161200,16.87,买盘
300207,欣旺达,09:45:51,16.87,153200,16.87,卖盘
300207,欣旺达,09:45:48,16.87,69366,16.88,卖盘
300207,欣旺达,09:45:45,16.88,102200,16.86,买盘
300207,欣旺达,09:45:42,16.86,61100,16.87,卖盘
300207,欣旺达,09:45:39,16.87,85800,16.85,买盘
300207,欣旺达,09:45:36,16.85,42100,16.85,卖盘
300207,欣旺达,09:45:33,16.85,32400,16.85,卖盘
300207,欣旺达,09:45:30,16.85,66400,16.85,卖盘
300207,欣旺达,09:45:27,16.85,75100,16.84,买盘
300207,欣旺达,09:45:24,16.84,38600,16.84,卖盘
300207,欣旺达,09:45:21,16.84,34800,16.83,买盘
300207,欣旺达,09:45:18,16.83,54300,16.83,卖盘
300207,欣旺达,09:45:12,16.83,83900,16.8,买盘
300207,欣旺达,09:45:09,16.8,101200,16.8,卖盘
300207,欣旺达,09:45:06,16.8,70000,16.8,卖盘
300207,欣旺达,09:45:03,16.8,247600,16.79,买盘
300207,欣旺达,09:45:00,16.79,48100,16.78,买盘
300207,欣旺达,09:44:57,16.78,116600,16.78,买盘
300207,欣旺达,09:44:54,16.78,51200,16.75,买盘
300207,欣旺达,09:44:51,16.75,49900,16.74,中性盘
300207,欣旺达,09:44:48,16.74,124100,16.76,卖盘
300207,欣旺达,09:44:45,16.76,112175,16.74,买盘
300207,欣旺达,09:44:42,16.74,81100,16.74,卖盘
300207,欣旺达,09:44:39,16.74,232900,16.74,卖盘
300207,欣旺达,09:44:36,16.74,43100,16.73,买盘
300207,欣旺达,09:44:33,16.73,57000,16.72,买盘
300207,欣旺达,09:44:30,16.72,35500,16.74,中性盘
300207,欣旺达,09:44:27,16.74,94100,16.72,买盘
300207,欣旺达,09:44:24,16.72,120300,16.73,卖盘
300207,欣旺达,09:44:21,16.73,43600,16.72,买盘
300207,欣旺达,09:44:18,16.72,42800,16.73,卖盘
300207,欣旺达,09:44:15,16.73,30500,16.73,买盘
300207,欣旺达,09:44:12,16.73,104500,16.72,买盘
300207,欣旺达,09:44:09,16.72,31500,16.74,卖盘
300207,欣旺达,09:44:06,16.74,31300,16.75,卖盘
300207,欣旺达,09:44:03,16.75,96900,16.73,买盘
300207,欣旺达,09:43:57,16.74,101300,16.74,买盘
300207,欣旺达,09:43:54,16.74,71200,16.74,卖盘
300207,欣旺达,09:43:51,16.74,86800,16.73,买盘
300207,欣旺达,09:43:48,16.73,50500,16.72,买盘
300207,欣旺达,09:43:45,16.72,41400,16.73,卖盘
300207,欣旺达,09:43:42,16.73,42000,16.73,买盘
300207,欣旺达,09:43:39,16.73,47100,16.75,中性盘
300207,欣旺达,09:43:36,16.75,87600,16.74,买盘
300207,欣旺达,09:43:33,16.74,54500,16.74,买盘
300207,欣旺达,09:43:27,16.74,44000,16.74,买盘
300207,欣旺达,09:43:21,16.75,46500,16.75,卖盘
300207,欣旺达,09:43:18,16.75,63500,16.74,买盘
300207,欣旺达,09:43:15,16.74,63700,16.76,卖盘
300207,欣旺达,09:43:12,16.76,81100,16.75,买盘
300207,欣旺达,09:43:09,16.75,53800,16.75,买盘
300207,欣旺达,09:43:03,16.75,32800,16.75,卖盘
300207,欣旺达,09:43:00,16.75,67000,16.73,买盘
300207,欣旺达,09:42:54,16.71,312853,16.69,买盘
300207,欣旺达,09:42:51,16.69,80900,16.68,买盘
300207,欣旺达,09:42:48,16.68,47700,16.67,买盘
300207,欣旺达,09:42:45,16.67,57700,16.64,买盘
300207,欣旺达,09:42:42,16.64,205300,16.65,卖盘
300207,欣旺达,09:42:39,16.65,63257,16.64,买盘
300207,欣旺达,09:42:36,16.64,120200,16.61,买盘
300207,欣旺达,09:42:30,16.61,66300,16.6,卖盘
300207,欣旺达,09:42:27,16.6,34400,16.61,卖盘
300207,欣旺达,09:42:24,16.61,81900,16.61,卖盘
300207,欣旺达,09:42:21,16.61,56500,16.6,中性盘
300207,欣旺达,09:42:18,16.6,36800,16.59,中性盘
300207,欣旺达,09:42:15,16.59,223600,16.59,卖盘
300207,欣旺达,09:42:12,16.59,85587,16.59,买盘
300207,欣旺达,09:42:06,16.57,115107,16.58,卖盘
300207,欣旺达,09:42:03,16.58,63200,16.57,买盘
300207,欣旺达,09:42:00,16.57,65510,16.55,中性盘
300207,欣旺达,09:41:54,16.58,40106,16.54,买盘
300207,欣旺达,09:41:48,16.52,291532,16.54,卖盘
300207,欣旺达,09:41:45,16.54,112291,16.53,买盘
300207,欣旺达,09:41:42,16.53,127015,16.53,买盘
300207,欣旺达,09:41:39,16.53,61978,16.51,买盘
300207,欣旺达,09:41:36,16.51,60938,16.47,买盘
300207,欣旺达,09:41:33,16.47,50700,16.5,卖盘
300207,欣旺达,09:41:30,16.5,138605,16.48,买盘
300207,欣旺达,09:41:27,16.48,138176,16.47,买盘
300207,欣旺达,09:41:24,16.47,74195,16.44,买盘
300207,欣旺达,09:41:21,16.44,32502,16.45,卖盘
300207,欣旺达,09:41:12,16.46,31293,16.45,买盘
300207,欣旺达,09:41:09,16.45,31000,16.44,买盘
300207,欣旺达,09:41:06,16.44,81964,16.47,卖盘
300207,欣旺达,09:41:00,16.48,33700,16.48,买盘
300207,欣旺达,09:40:57,16.48,46117,16.48,买盘
300207,欣旺达,09:40:36,16.5,30356,16.53,卖盘
300207,欣旺达,09:40:30,16.53,58923,16.54,卖盘
300207,欣旺达,09:40:21,16.54,35411,16.54,买盘
300207,欣旺达,09:40:18,16.54,66700,16.53,买盘
300207,欣旺达,09:40:12,16.53,48762,16.52,买盘
300207,欣旺达,09:40:09,16.52,42403,16.5,中性盘
300207,欣旺达,09:40:06,16.5,55499,16.51,卖盘
300207,欣旺达,09:39:57,16.49,39143,16.5,卖盘
300207,欣旺达,09:39:54,16.5,69200,16.49,买盘
300207,欣旺达,09:39:45,16.47,70100,16.46,买盘
300207,欣旺达,09:39:36,16.46,59653,16.42,买盘
300207,欣旺达,09:39:27,16.42,39135,16.42,买盘
300207,欣旺达,09:39:18,16.38,41167,16.37,卖盘
300207,欣旺达,09:39:09,16.38,63226,16.39,卖盘
300207,欣旺达,09:39:06,16.39,47600,16.4,中性盘
300207,欣旺达,09:38:57,16.39,42755,16.38,买盘
300207,欣旺达,09:38:48,16.39,58331,16.4,买盘
300207,欣旺达,09:38:45,16.4,119549,16.41,卖盘
300207,欣旺达,09:38:27,16.42,47340,16.42,卖盘
300207,欣旺达,09:38:21,16.4,42794,16.4,卖盘
300207,欣旺达,09:38:18,16.4,113800,16.43,卖盘
300207,欣旺达,09:38:15,16.43,53900,16.41,买盘
300207,欣旺达,09:38:12,16.41,163000,16.41,卖盘
300207,欣旺达,09:38:09,16.41,53900,16.42,卖盘
300207,欣旺达,09:38:06,16.42,98500,16.44,卖盘
300207,欣旺达,09:37:51,16.42,79000,16.43,卖盘
300207,欣旺达,09:37:30,16.42,53500,16.44,卖盘
300207,欣旺达,09:37:27,16.44,91200,16.47,卖盘
300207,欣旺达,09:37:24,16.47,53300,16.44,买盘
300207,欣旺达,09:37:21,16.44,87000,16.43,买盘
300207,欣旺达,09:37:15,16.47,51700,16.45,买盘
300207,欣旺达,09:37:12,16.45,50800,16.46,卖盘
300207,欣旺达,09:37:06,16.46,39200,16.48,卖盘
300207,欣旺达,09:36:57,16.5,115600,16.47,买盘
300207,欣旺达,09:36:51,16.49,32900,16.47,买盘
300207,欣旺达,09:36:33,16.45,38700,16.46,卖盘
300207,欣旺达,09:36:30,16.46,30800,16.49,卖盘
300207,欣旺达,09:36:27,16.49,58500,16.5,中性盘
300207,欣旺达,09:36:24,16.5,32000,16.51,卖盘
300207,欣旺达,09:36:18,16.5,67200,16.51,卖盘
300207,欣旺达,09:36:15,16.51,88100,16.47,买盘
300207,欣旺达,09:36:12,16.47,50900,16.52,卖盘
300207,欣旺达,09:36:06,16.49,42200,16.48,买盘
300207,欣旺达,09:36:03,16.48,98400,16.52,卖盘
300207,欣旺达,09:36:00,16.52,40800,16.51,中性盘
300207,欣旺达,09:35:57,16.51,63800,16.52,卖盘
300207,欣旺达,09:35:48,16.52,41000,16.55,中性盘
300207,欣旺达,09:35:45,16.55,72600,16.53,买盘
300207,欣旺达,09:35:36,16.55,63200,16.5,买盘
300207,欣旺达,09:35:33,16.5,119000,16.57,卖盘
300207,欣旺达,09:35:27,16.57,68700,16.58,中性盘
300207,欣旺达,09:35:24,16.58,41700,16.57,买盘
300207,欣旺达,09:35:21,16.57,43800,16.57,卖盘
300207,欣旺达,09:35:18,16.57,164800,16.58,卖盘
300207,欣旺达,09:35:15,16.58,54400,16.57,中性盘
300207,欣旺达,09:35:12,16.57,96400,16.58,中性盘
300207,欣旺达,09:35:09,16.58,48200,16.59,卖盘
300207,欣旺达,09:35:03,16.59,59800,16.55,买盘
300207,欣旺达,09:35:00,16.55,174500,16.61,卖盘
300207,欣旺达,09:34:57,16.61,118700,16.6,中性盘
300207,欣旺达,09:34:54,16.6,98300,16.6,卖盘
300207,欣旺达,09:34:51,16.6,330200,16.55,买盘
300207,欣旺达,09:34:48,16.55,49300,16.55,买盘
300207,欣旺达,09:34:45,16.55,284300,16.55,买盘
300207,欣旺达,09:34:42,16.55,62500,16.54,买盘
300207,欣旺达,09:34:39,16.54,97800,16.55,卖盘
300207,欣旺达,09:34:36,16.55,99000,16.55,卖盘
300207,欣旺达,09:34:33,16.55,153800,16.55,买盘
300207,欣旺达,09:34:30,16.55,159400,16.53,买盘
300207,欣旺达,09:34:27,16.53,42800,16.59,卖盘
300207,欣旺达,09:34:24,16.59,33800,16.56,买盘
300207,欣旺达,09:34:21,16.56,38200,16.57,卖盘
300207,欣旺达,09:34:15,16.6,31700,16.59,买盘
300207,欣旺达,09:34:12,16.59,87800,16.6,卖盘
300207,欣旺达,09:34:09,16.6,90800,16.62,卖盘
300207,欣旺达,09:34:06,16.62,70400,16.62,买盘
300207,欣旺达,09:34:03,16.62,63200,16.6,买盘
300207,欣旺达,09:34:00,16.6,84900,16.63,卖盘
300207,欣旺达,09:33:57,16.63,123700,16.62,买盘
300207,欣旺达,09:33:54,16.62,109200,16.6,买盘
300207,欣旺达,09:33:51,16.6,77200,16.62,卖盘
300207,欣旺达,09:33:48,16.62,65000,16.62,买盘
300207,欣旺达,09:33:45,16.62,87100,16.62,卖盘
300207,欣旺达,09:33:42,16.62,67700,16.59,买盘
300207,欣旺达,09:33:39,16.59,92800,16.57,买盘
300207,欣旺达,09:33:36,16.57,83100,16.54,买盘
300207,欣旺达,09:33:33,16.54,107200,16.51,买盘
300207,欣旺达,09:33:30,16.51,256300,16.49,买盘
300207,欣旺达,09:33:27,16.49,84500,16.48,买盘
300207,欣旺达,09:33:24,16.48,221200,16.44,买盘
300207,欣旺达,09:33:21,16.44,122900,16.43,买盘
300207,欣旺达,09:33:18,16.43,107700,16.42,买盘
300207,欣旺达,09:33:15,16.42,78800,16.4,买盘
300207,欣旺达,09:33:12,16.4,107200,16.4,卖盘
300207,欣旺达,09:33:09,16.4,58500,16.4,买盘
300207,欣旺达,09:33:06,16.4,66500,16.39,中性盘
300207,欣旺达,09:33:03,16.39,72400,16.42,卖盘
300207,欣旺达,09:33:00,16.42,69100,16.42,买盘
300207,欣旺达,09:32:57,16.42,40200,16.43,卖盘
300207,欣旺达,09:32:54,16.43,49800,16.44,中性盘
300207,欣旺达,09:32:51,16.44,106500,16.44,买盘
300207,欣旺达,09:32:48,16.44,61300,16.45,卖盘
300207,欣旺达,09:32:45,16.45,116700,16.44,买盘
300207,欣旺达,09:32:42,16.44,159800,16.46,卖盘
300207,欣旺达,09:32:39,16.46,122200,16.45,买盘
300207,欣旺达,09:32:36,16.45,47500,16.45,中性盘
300207,欣旺达,09:32:33,16.45,137500,16.46,卖盘
300207,欣旺达,09:32:30,16.46,52069,16.47,买盘
300207,欣旺达,09:32:27,16.47,112100,16.47,买盘
300207,欣旺达,09:32:24,16.47,72300,16.45,买盘
300207,欣旺达,09:32:21,16.45,275800,16.48,卖盘
300207,欣旺达,09:32:18,16.48,105200,16.47,买盘
300207,欣旺达,09:32:15,16.47,62500,16.49,卖盘
300207,欣旺达,09:32:12,16.49,116700,16.49,买盘
300207,欣旺达,09:32:09,16.49,99600,16.44,买盘
300207,欣旺达,09:32:06,16.44,229700,16.48,卖盘
300207,欣旺达,09:32:03,16.48,88000,16.45,买盘
300207,欣旺达,09:32:00,16.45,113900,16.44,买盘
300207,欣旺达,09:31:57,16.44,66900,16.43,买盘
300207,欣旺达,09:31:54,16.43,144000,16.39,买盘
300207,欣旺达,09:31:51,16.39,88300,16.35,买盘
300207,欣旺达,09:31:48,16.35,113680,16.38,卖盘
300207,欣旺达,09:31:45,16.38,75000,16.36,买盘
300207,欣旺达,09:31:42,16.36,79800,16.39,卖盘
300207,欣旺达,09:31:39,16.39,46200,16.38,买盘
300207,欣旺达,09:31:36,16.38,60500,16.38,卖盘
300207,欣旺达,09:31:33,16.38,34600,16.38,卖盘
300207,欣旺达,09:31:30,16.38,130300,16.37,买盘
300207,欣旺达,09:31:27,16.37,43500,16.36,买盘
300207,欣旺达,09:31:24,16.36,224000,16.3,买盘
300207,欣旺达,09:31:21,16.3,110200,16.3,卖盘
300207,欣旺达,09:31:18,16.3,757000,16.24,买盘
300207,欣旺达,09:31:15,16.24,43000,16.24,买盘
300207,欣旺达,09:31:12,16.24,50400,16.23,买盘
300207,欣旺达,09:31:09,16.23,68100,16.24,卖盘
300207,欣旺达,09:31:06,16.24,78100,16.24,买盘
300207,欣旺达,09:31:03,16.24,54500,16.23,买盘
300207,欣旺达,09:31:00,16.23,60700,16.23,卖盘
300207,欣旺达,09:30:57,16.23,83400,16.23,卖盘
300207,欣旺达,09:30:54,16.23,119200,16.2,买盘
300207,欣旺达,09:30:51,16.2,57000,16.2,卖盘
300207,欣旺达,09:30:48,16.2,61000,16.2,买盘
300207,欣旺达,09:30:45,16.2,48600,16.2,买盘
300207,欣旺达,09:30:42,16.2,162500,16.15,买盘
300207,欣旺达,09:30:39,16.15,31200,16.14,买盘
300207,欣旺达,09:30:36,16.14,49600,16.13,买盘
300207,欣旺达,09:30:33,16.13,41400,16.1,买盘
300207,欣旺达,09:30:27,16.1,34900,16.09,买盘
300207,欣旺达,09:30:21,16.08,66000,16.04,买盘
300207,欣旺达,09:30:18,16.04,87900,16.06,卖盘
300207,欣旺达,09:30:15,16.06,87600,16.05,买盘
300207,欣旺达,09:30:09,16.07,112100,16.04,买盘
300207,欣旺达,09:30:06,16.04,66900,16.03,中性盘
300207,欣旺达,09:30:03,16.03,119000,16.03,卖盘
300207,欣旺达,09:25:03,16.03,427200,0.0,买盘
