code,name,time,price,volume,preprice,type
600804,鹏博士,15:00:00,8.7,386100,8.7,买盘
600804,鹏博士,14:45:01,8.7,68500,8.7,卖盘
600804,鹏博士,14:24:28,8.7,100000,8.7,卖盘
600804,鹏博士,14:11:19,8.7,100700,8.7,卖盘
600804,鹏博士,13:02:48,8.7,154300,8.7,卖盘
600804,鹏博士,13:00:04,8.7,413500,8.7,卖盘
600804,鹏博士,11:27:24,8.7,45700,8.7,卖盘
600804,鹏博士,11:27:18,8.7,81600,8.7,卖盘
600804,鹏博士,11:26:42,8.7,63600,8.7,卖盘
600804,鹏博士,11:26:09,8.7,107600,8.7,卖盘
600804,鹏博士,11:25:33,8.7,203100,8.7,卖盘
600804,鹏博士,11:25:21,8.7,52700,8.7,卖盘
600804,鹏博士,11:22:21,8.7,48000,8.7,卖盘
600804,鹏博士,11:09:30,8.7,370500,8.7,卖盘
600804,鹏博士,11:08:57,8.7,56000,8.7,卖盘
600804,鹏博士,11:08:51,8.7,53300,8.7,卖盘
600804,鹏博士,11:07:48,8.7,56400,8.7,卖盘
600804,鹏博士,11:03:03,8.7,56200,8.7,卖盘
600804,鹏博士,10:58:45,8.7,47500,8.7,卖盘
600804,鹏博士,10:58:18,8.7,105900,8.7,卖盘
600804,鹏博士,10:58:12,8.7,100000,8.7,卖盘
600804,鹏博士,10:54:05,8.7,81200,8.7,卖盘
600804,鹏博士,10:53:57,8.7,53500,8.7,卖盘
600804,鹏博士,10:53:09,8.7,67200,8.7,卖盘
600804,鹏博士,10:52:15,8.7,70500,8.7,卖盘
600804,鹏博士,10:52:12,8.7,107600,8.7,卖盘
600804,鹏博士,10:51:53,8.7,212400,8.7,卖盘
600804,鹏博士,10:51:33,8.7,79300,8.7,卖盘
600804,鹏博士,10:51:30,8.7,70200,8.7,卖盘
600804,鹏博士,10:51:18,8.7,53000,8.7,卖盘
600804,鹏博士,10:50:21,8.7,51500,8.7,卖盘
600804,鹏博士,10:47:18,8.7,52000,8.7,卖盘
600804,鹏博士,10:45:12,8.7,110200,8.7,卖盘
600804,鹏博士,10:45:03,8.7,44200,8.7,卖盘
600804,鹏博士,10:43:54,8.7,44400,8.7,卖盘
600804,鹏博士,10:42:12,8.7,103000,8.7,卖盘
600804,鹏博士,10:41:36,8.7,50000,8.7,卖盘
600804,鹏博士,10:40:45,8.7,60900,8.7,卖盘
600804,鹏博士,10:39:51,8.7,106700,8.7,卖盘
600804,鹏博士,10:38:24,8.7,72500,8.7,卖盘
600804,鹏博士,10:37:18,8.7,60100,8.7,卖盘
600804,鹏博士,10:36:54,8.7,57400,8.7,卖盘
600804,鹏博士,10:36:38,8.7,59600,8.7,卖盘
600804,鹏博士,10:35:39,8.7,40600,8.7,卖盘
600804,鹏博士,10:35:18,8.7,57700,8.7,卖盘
600804,鹏博士,10:34:48,8.7,66600,8.7,卖盘
600804,鹏博士,10:34:33,8.7,54900,8.7,卖盘
600804,鹏博士,10:34:14,8.7,122000,8.7,卖盘
600804,鹏博士,10:33:51,8.7,84300,8.7,卖盘
600804,鹏博士,10:33:45,8.7,88000,8.7,卖盘
600804,鹏博士,10:33:39,8.7,51800,8.7,卖盘
600804,鹏博士,10:33:30,8.7,167900,8.7,卖盘
600804,鹏博士,10:33:27,8.7,61900,8.7,卖盘
600804,鹏博士,10:32:00,8.7,80700,8.7,卖盘
600804,鹏博士,10:31:29,8.7,46900,8.7,卖盘
600804,鹏博士,10:30:57,8.7,69900,8.7,卖盘
600804,鹏博士,10:30:54,8.7,52000,8.7,卖盘
600804,鹏博士,10:30:36,8.7,53300,8.7,卖盘
600804,鹏博士,10:30:15,8.7,56500,8.7,卖盘
600804,鹏博士,10:30:03,8.7,65900,8.7,卖盘
600804,鹏博士,10:29:57,8.7,285500,8.7,卖盘
600804,鹏博士,10:29:50,8.7,46000,8.7,卖盘
600804,鹏博士,10:29:45,8.7,131100,8.7,卖盘
600804,鹏博士,10:29:36,8.7,243600,8.7,卖盘
600804,鹏博士,10:29:24,8.7,120300,8.7,卖盘
600804,鹏博士,10:29:21,8.7,53800,8.7,卖盘
600804,鹏博士,10:29:15,8.7,53400,8.7,卖盘
600804,鹏博士,10:29:12,8.7,92600,8.7,卖盘
600804,鹏博士,10:29:09,8.7,44801,8.7,卖盘
600804,鹏博士,10:29:06,8.7,123300,8.7,卖盘
600804,鹏博士,10:29:00,8.7,61000,8.7,卖盘
600804,鹏博士,10:28:57,8.7,148300,8.7,卖盘
600804,鹏博士,10:28:54,8.7,315400,8.7,卖盘
600804,鹏博士,10:28:48,8.7,69700,8.7,卖盘
600804,鹏博士,10:28:45,8.7,1710364,8.7,买盘
600804,鹏博士,10:28:42,8.7,4529500,8.68,买盘
600804,鹏博士,10:28:39,8.68,250200,8.63,买盘
600804,鹏博士,10:28:33,8.63,247200,8.63,买盘
600804,鹏博士,10:28:30,8.63,51600,8.62,买盘
600804,鹏博士,10:28:21,8.62,95000,8.6,买盘
600804,鹏博士,10:28:15,8.6,669800,8.57,买盘
600804,鹏博士,10:28:12,8.57,89000,8.58,卖盘
600804,鹏博士,10:28:06,8.57,120800,8.57,买盘
600804,鹏博士,10:28:03,8.57,65000,8.56,买盘
600804,鹏博士,10:27:57,8.57,188900,8.56,买盘
600804,鹏博士,10:27:54,8.56,315000,8.55,买盘
600804,鹏博士,10:27:51,8.55,53000,8.55,买盘
600804,鹏博士,10:27:45,8.55,42000,8.53,买盘
600804,鹏博士,10:27:39,8.53,84200,8.53,买盘
600804,鹏博士,10:27:36,8.53,60900,8.53,买盘
600804,鹏博士,10:27:33,8.53,41500,8.52,买盘
600804,鹏博士,10:27:15,8.53,43028,8.52,买盘
600804,鹏博士,10:27:12,8.52,49472,8.52,卖盘
600804,鹏博士,10:27:00,8.52,53200,8.52,卖盘
600804,鹏博士,10:26:47,8.52,92000,8.53,卖盘
600804,鹏博士,10:26:39,8.53,43400,8.53,卖盘
600804,鹏博士,10:26:33,8.52,44100,8.53,卖盘
600804,鹏博士,10:26:03,8.52,83200,8.51,买盘
600804,鹏博士,10:26:00,8.51,46900,8.51,买盘
600804,鹏博士,10:25:51,8.51,60500,8.51,卖盘
600804,鹏博士,10:25:39,8.52,66800,8.52,卖盘
600804,鹏博士,10:25:12,8.52,41600,8.53,卖盘
600804,鹏博士,10:24:59,8.53,67600,8.53,买盘
600804,鹏博士,10:24:30,8.52,70100,8.54,卖盘
600804,鹏博士,10:24:27,8.54,70800,8.53,买盘
600804,鹏博士,10:24:14,8.52,84000,8.53,卖盘
600804,鹏博士,10:24:06,8.51,58900,8.52,卖盘
600804,鹏博士,10:23:48,8.5,105800,8.5,买盘
600804,鹏博士,10:23:45,8.5,193300,8.5,买盘
600804,鹏博士,10:23:42,8.5,147200,8.52,卖盘
600804,鹏博士,10:23:36,8.51,72500,8.52,卖盘
600804,鹏博士,10:23:27,8.52,218400,8.54,卖盘
600804,鹏博士,10:23:18,8.53,100300,8.54,卖盘
600804,鹏博士,10:23:08,8.54,50400,8.53,买盘
600804,鹏博士,10:23:06,8.53,62600,8.53,卖盘
600804,鹏博士,10:22:30,8.54,101500,8.53,买盘
600804,鹏博士,10:22:26,8.53,98800,8.54,卖盘
600804,鹏博士,10:22:12,8.54,72100,8.54,卖盘
600804,鹏博士,10:22:00,8.55,58200,8.54,买盘
600804,鹏博士,10:21:48,8.55,69300,8.55,买盘
600804,鹏博士,10:20:57,8.56,65900,8.56,买盘
600804,鹏博士,10:20:38,8.55,63800,8.56,卖盘
600804,鹏博士,10:20:03,8.55,46700,8.54,买盘
600804,鹏博士,10:19:21,8.5,216600,8.56,卖盘
600804,鹏博士,10:19:09,8.55,67100,8.54,买盘
600804,鹏博士,10:19:02,8.54,99700,8.55,卖盘
600804,鹏博士,10:18:59,8.55,91400,8.54,买盘
600804,鹏博士,10:18:35,8.55,81100,8.54,买盘
600804,鹏博士,10:17:29,8.56,83200,8.55,买盘
600804,鹏博士,10:17:26,8.55,43600,8.55,卖盘
600804,鹏博士,10:17:18,8.56,75800,8.56,买盘
600804,鹏博士,10:17:09,8.58,70200,8.57,买盘
600804,鹏博士,10:17:06,8.57,93300,8.57,买盘
600804,鹏博士,10:16:59,8.57,185700,8.56,买盘
600804,鹏博士,10:16:54,8.55,248900,8.54,买盘
600804,鹏博士,10:16:36,8.55,62300,8.53,买盘
600804,鹏博士,10:16:12,8.52,158100,8.51,买盘
600804,鹏博士,10:16:09,8.51,48800,8.52,卖盘
600804,鹏博士,10:16:06,8.52,54200,8.5,买盘
600804,鹏博士,10:15:56,8.5,46200,8.49,买盘
600804,鹏博士,10:15:54,8.49,55200,8.5,卖盘
600804,鹏博士,10:15:12,8.51,86400,8.5,买盘
600804,鹏博士,10:14:51,8.5,54300,8.49,买盘
600804,鹏博士,10:14:44,8.5,85900,8.49,买盘
600804,鹏博士,10:14:11,8.5,91700,8.5,买盘
600804,鹏博士,10:13:11,8.51,90900,8.51,卖盘
600804,鹏博士,10:12:27,8.53,86300,8.52,买盘
600804,鹏博士,10:12:11,8.52,47700,8.51,买盘
600804,鹏博士,10:12:05,8.5,58800,8.5,买盘
600804,鹏博士,10:12:02,8.5,41800,8.49,买盘
600804,鹏博士,10:11:50,8.49,66000,8.49,买盘
600804,鹏博士,10:11:47,8.49,80500,8.49,买盘
600804,鹏博士,10:11:32,8.48,88700,8.48,买盘
600804,鹏博士,10:10:35,8.5,44700,8.5,卖盘
600804,鹏博士,10:10:26,8.51,68800,8.51,卖盘
600804,鹏博士,10:10:23,8.51,88600,8.52,卖盘
600804,鹏博士,10:08:50,8.51,46262,8.51,卖盘
600804,鹏博士,10:08:41,8.52,67600,8.51,买盘
600804,鹏博士,10:08:17,8.5,55100,8.5,买盘
600804,鹏博士,10:08:05,8.5,52500,8.49,买盘
600804,鹏博士,10:07:38,8.49,51100,8.49,买盘
600804,鹏博士,10:07:32,8.48,43100,8.47,中性盘
600804,鹏博士,10:07:20,8.48,45300,8.49,卖盘
600804,鹏博士,10:07:11,8.49,43600,8.48,买盘
600804,鹏博士,10:07:08,8.48,50700,8.49,卖盘
600804,鹏博士,10:07:05,8.49,138900,8.48,买盘
600804,鹏博士,10:06:50,8.5,96000,8.5,买盘
600804,鹏博士,10:06:41,8.5,51500,8.5,卖盘
600804,鹏博士,10:06:26,8.5,76700,8.52,卖盘
600804,鹏博士,10:06:11,8.51,56300,8.51,卖盘
600804,鹏博士,10:06:02,8.51,46762,8.51,卖盘
600804,鹏博士,10:05:53,8.51,40200,8.5,买盘
600804,鹏博士,10:05:35,8.5,49900,8.5,卖盘
600804,鹏博士,10:05:32,8.5,49500,8.5,买盘
600804,鹏博士,10:05:26,8.48,191900,8.5,卖盘
600804,鹏博士,10:05:23,8.5,228000,8.51,卖盘
600804,鹏博士,10:05:20,8.51,190600,8.52,卖盘
600804,鹏博士,10:05:17,8.52,123500,8.53,卖盘
600804,鹏博士,10:05:14,8.53,74900,8.53,卖盘
600804,鹏博士,10:05:11,8.53,119200,8.54,卖盘
600804,鹏博士,10:05:08,8.54,104700,8.55,卖盘
600804,鹏博士,10:05:05,8.55,102800,8.55,买盘
600804,鹏博士,10:04:44,8.55,42500,8.54,买盘
600804,鹏博士,10:04:08,8.54,42300,8.54,买盘
600804,鹏博士,10:03:56,8.54,47600,8.54,卖盘
600804,鹏博士,10:03:32,8.53,125400,8.53,卖盘
600804,鹏博士,10:03:29,8.53,86200,8.55,卖盘
600804,鹏博士,10:03:23,8.54,59100,8.53,买盘
600804,鹏博士,10:03:14,8.53,116100,8.53,卖盘
600804,鹏博士,10:03:11,8.53,113500,8.54,卖盘
600804,鹏博士,10:03:08,8.54,58800,8.53,买盘
600804,鹏博士,10:03:02,8.54,77400,8.55,卖盘
600804,鹏博士,10:02:38,8.56,73000,8.56,卖盘
600804,鹏博士,10:02:35,8.56,70700,8.56,卖盘
600804,鹏博士,10:02:29,8.57,43900,8.57,买盘
600804,鹏博士,10:02:23,8.57,94700,8.57,买盘
600804,鹏博士,10:02:20,8.57,59200,8.58,卖盘
600804,鹏博士,10:02:14,8.58,118100,8.58,买盘
600804,鹏博士,10:02:11,8.58,56500,8.58,买盘
600804,鹏博士,10:02:02,8.58,48600,8.59,卖盘
600804,鹏博士,10:01:59,8.59,40600,8.57,买盘
600804,鹏博士,10:01:56,8.57,76900,8.58,中性盘
600804,鹏博士,10:01:53,8.58,101600,8.56,买盘
600804,鹏博士,10:01:50,8.56,102000,8.56,买盘
600804,鹏博士,10:01:47,8.56,79600,8.53,买盘
600804,鹏博士,10:01:44,8.53,73500,8.55,卖盘
600804,鹏博士,10:01:41,8.55,133400,8.53,买盘
600804,鹏博士,10:01:35,8.54,50200,8.54,买盘
600804,鹏博士,10:01:23,8.55,41800,8.55,买盘
600804,鹏博士,10:01:17,8.56,42900,8.55,买盘
600804,鹏博士,10:01:02,8.57,93017,8.58,卖盘
600804,鹏博士,10:00:59,8.58,51200,8.58,买盘
600804,鹏博士,10:00:56,8.58,56883,8.58,买盘
600804,鹏博士,10:00:53,8.58,301017,8.6,卖盘
600804,鹏博士,10:00:50,8.6,114400,8.61,中性盘
600804,鹏博士,10:00:47,8.61,409700,8.6,买盘
600804,鹏博士,10:00:44,8.6,195900,8.62,卖盘
600804,鹏博士,10:00:35,8.62,44600,8.64,卖盘
600804,鹏博士,10:00:32,8.64,65000,8.62,买盘
600804,鹏博士,10:00:29,8.62,138900,8.64,卖盘
600804,鹏博士,10:00:26,8.64,157000,8.64,买盘
600804,鹏博士,10:00:14,8.66,47300,8.65,买盘
600804,鹏博士,10:00:11,8.65,136200,8.65,卖盘
600804,鹏博士,09:59:56,8.65,43300,8.65,买盘
600804,鹏博士,09:59:53,8.65,96800,8.64,买盘
600804,鹏博士,09:59:44,8.64,55700,8.64,卖盘
600804,鹏博士,09:59:35,8.64,57300,8.64,买盘
600804,鹏博士,09:59:32,8.64,41600,8.64,买盘
600804,鹏博士,09:59:23,8.64,163388,8.63,买盘
600804,鹏博士,09:59:17,8.63,157000,8.62,买盘
600804,鹏博士,09:59:14,8.62,61400,8.63,卖盘
600804,鹏博士,09:59:11,8.63,68800,8.62,买盘
600804,鹏博士,09:59:08,8.62,173800,8.62,卖盘
600804,鹏博士,09:59:05,8.62,45300,8.61,买盘
600804,鹏博士,09:59:02,8.61,56000,8.62,卖盘
600804,鹏博士,09:58:53,8.61,47400,8.61,卖盘
600804,鹏博士,09:58:50,8.61,66500,8.63,卖盘
600804,鹏博士,09:58:47,8.63,61200,8.62,买盘
600804,鹏博士,09:58:44,8.62,84100,8.63,卖盘
600804,鹏博士,09:58:29,8.65,78300,8.65,卖盘
600804,鹏博士,09:58:26,8.65,89200,8.65,卖盘
600804,鹏博士,09:58:23,8.65,141600,8.67,卖盘
600804,鹏博士,09:58:20,8.67,59100,8.67,买盘
600804,鹏博士,09:58:17,8.67,76900,8.66,买盘
600804,鹏博士,09:58:14,8.66,100300,8.68,卖盘
600804,鹏博士,09:58:11,8.68,122500,8.69,中性盘
600804,鹏博士,09:58:08,8.69,70900,8.66,买盘
600804,鹏博士,09:58:05,8.66,132900,8.69,卖盘
600804,鹏博士,09:58:02,8.69,152900,8.69,卖盘
600804,鹏博士,09:57:59,8.69,185300,8.7,买盘
600804,鹏博士,09:57:56,8.7,495800,8.7,卖盘
600804,鹏博士,09:57:53,8.7,622700,8.7,卖盘
600804,鹏博士,09:57:50,8.7,352300,8.7,卖盘
600804,鹏博士,09:57:47,8.7,1056900,8.7,卖盘
600804,鹏博士,09:57:44,8.7,621700,8.7,卖盘
600804,鹏博士,09:57:41,8.7,61200,8.7,卖盘
600804,鹏博士,09:57:38,8.7,253417,8.7,卖盘
600804,鹏博士,09:57:35,8.7,135600,8.7,卖盘
600804,鹏博士,09:57:32,8.7,1807801,8.7,买盘
600804,鹏博士,09:57:29,8.7,3054300,8.7,买盘
600804,鹏博士,09:57:26,8.7,1487400,8.69,买盘
600804,鹏博士,09:57:23,8.69,639600,8.63,买盘
600804,鹏博士,09:57:20,8.63,906200,8.65,卖盘
600804,鹏博士,09:57:17,8.65,742500,8.6,买盘
600804,鹏博士,09:57:14,8.6,76783,8.58,买盘
600804,鹏博士,09:57:11,8.58,147000,8.58,卖盘
600804,鹏博士,09:57:05,8.58,117800,8.56,买盘
600804,鹏博士,09:57:02,8.56,557600,8.57,卖盘
600804,鹏博士,09:56:59,8.57,64600,8.59,中性盘
600804,鹏博士,09:56:56,8.59,151400,8.57,买盘
600804,鹏博士,09:56:53,8.57,91300,8.55,买盘
600804,鹏博士,09:56:41,8.57,75100,8.56,买盘
600804,鹏博士,09:56:32,8.56,42800,8.57,买盘
600804,鹏博士,09:56:26,8.56,45800,8.55,中性盘
600804,鹏博士,09:56:20,8.54,146000,8.55,卖盘
600804,鹏博士,09:56:08,8.53,342600,8.52,中性盘
600804,鹏博士,09:56:05,8.52,70500,8.52,买盘
600804,鹏博士,09:56:02,8.52,44200,8.55,卖盘
600804,鹏博士,09:55:59,8.55,69000,8.52,买盘
600804,鹏博士,09:55:56,8.52,74900,8.55,卖盘
600804,鹏博士,09:55:50,8.55,81200,8.57,中性盘
600804,鹏博士,09:55:47,8.57,207600,8.56,买盘
600804,鹏博士,09:55:44,8.56,49700,8.55,买盘
600804,鹏博士,09:55:41,8.55,45000,8.57,卖盘
600804,鹏博士,09:55:38,8.57,75600,8.58,卖盘
600804,鹏博士,09:55:35,8.58,270500,8.55,买盘
600804,鹏博士,09:55:32,8.55,431300,8.56,卖盘
600804,鹏博士,09:55:29,8.56,102700,8.57,卖盘
600804,鹏博士,09:55:26,8.57,63000,8.58,卖盘
600804,鹏博士,09:55:20,8.57,83000,8.57,买盘
600804,鹏博士,09:55:17,8.57,125600,8.57,买盘
600804,鹏博士,09:55:14,8.57,85800,8.57,买盘
600804,鹏博士,09:55:11,8.57,48200,8.58,中性盘
600804,鹏博士,09:55:08,8.58,104900,8.57,买盘
600804,鹏博士,09:55:05,8.57,75300,8.56,买盘
600804,鹏博士,09:55:02,8.56,188900,8.57,卖盘
600804,鹏博士,09:54:59,8.57,107281,8.55,买盘
600804,鹏博士,09:54:56,8.55,62400,8.55,买盘
600804,鹏博士,09:54:53,8.55,63300,8.55,买盘
600804,鹏博士,09:54:50,8.55,68000,8.58,卖盘
600804,鹏博士,09:54:47,8.58,120200,8.56,买盘
600804,鹏博士,09:54:44,8.56,138700,8.56,买盘
600804,鹏博士,09:54:41,8.56,409100,8.54,买盘
600804,鹏博士,09:54:38,8.54,296700,8.51,买盘
600804,鹏博士,09:54:35,8.51,155400,8.5,买盘
600804,鹏博士,09:54:32,8.5,402200,8.49,买盘
600804,鹏博士,09:54:26,8.49,196900,8.49,买盘
600804,鹏博士,09:54:23,8.49,47400,8.47,买盘
600804,鹏博士,09:54:17,8.47,58600,8.46,买盘
600804,鹏博士,09:54:14,8.46,185900,8.48,卖盘
600804,鹏博士,09:54:11,8.48,64700,8.46,买盘
600804,鹏博士,09:54:02,8.47,153200,8.46,买盘
600804,鹏博士,09:53:26,8.49,67800,8.47,买盘
600804,鹏博士,09:53:23,8.47,92800,8.48,卖盘
600804,鹏博士,09:53:14,8.5,234400,8.5,卖盘
600804,鹏博士,09:53:11,8.5,73600,8.5,买盘
600804,鹏博士,09:53:08,8.5,104100,8.49,买盘
600804,鹏博士,09:53:05,8.49,49600,8.48,买盘
600804,鹏博士,09:53:02,8.48,255900,8.49,卖盘
600804,鹏博士,09:52:59,8.49,121700,8.51,卖盘
600804,鹏博士,09:52:56,8.51,157200,8.49,买盘
600804,鹏博士,09:52:53,8.49,122100,8.51,卖盘
600804,鹏博士,09:52:50,8.51,70300,8.52,中性盘
600804,鹏博士,09:52:47,8.52,242200,8.5,买盘
600804,鹏博士,09:52:44,8.5,228500,8.5,买盘
600804,鹏博士,09:52:41,8.5,318400,8.5,买盘
600804,鹏博士,09:52:38,8.5,163100,8.49,买盘
600804,鹏博士,09:52:35,8.49,95900,8.49,买盘
600804,鹏博士,09:52:32,8.49,133400,8.48,买盘
600804,鹏博士,09:52:29,8.48,83300,8.45,买盘
600804,鹏博士,09:52:26,8.45,112800,8.44,买盘
600804,鹏博士,09:52:23,8.44,185410,8.43,买盘
600804,鹏博士,09:52:20,8.43,143700,8.43,买盘
600804,鹏博士,09:52:17,8.43,198900,8.41,买盘
600804,鹏博士,09:52:14,8.41,145000,8.4,买盘
600804,鹏博士,09:52:11,8.4,167600,8.39,买盘
600804,鹏博士,09:52:05,8.39,69400,8.39,买盘
600804,鹏博士,09:51:41,8.39,59200,8.39,卖盘
600804,鹏博士,09:51:32,8.39,45500,8.39,买盘
600804,鹏博士,09:51:20,8.38,70800,8.39,卖盘
600804,鹏博士,09:51:11,8.4,44900,8.4,买盘
600804,鹏博士,09:51:08,8.4,58600,8.4,卖盘
600804,鹏博士,09:51:05,8.4,67600,8.4,买盘
600804,鹏博士,09:50:53,8.4,70100,8.4,买盘
600804,鹏博士,09:50:41,8.4,118900,8.39,买盘
600804,鹏博士,09:50:38,8.39,46800,8.4,卖盘
600804,鹏博士,09:50:35,8.4,40400,8.4,买盘
600804,鹏博士,09:50:20,8.39,40200,8.39,买盘
600804,鹏博士,09:50:14,8.4,186800,8.39,买盘
600804,鹏博士,09:50:02,8.38,72900,8.39,卖盘
600804,鹏博士,09:49:47,8.39,83300,8.38,买盘
600804,鹏博士,09:49:44,8.38,71700,8.39,卖盘
600804,鹏博士,09:49:41,8.39,44700,8.38,买盘
600804,鹏博士,09:49:32,8.38,100500,8.39,中性盘
600804,鹏博士,09:49:29,8.39,40700,8.38,买盘
600804,鹏博士,09:49:23,8.39,104000,8.39,买盘
600804,鹏博士,09:49:14,8.4,43000,8.38,买盘
600804,鹏博士,09:49:11,8.38,59500,8.4,卖盘
600804,鹏博士,09:49:05,8.39,79700,8.4,卖盘
600804,鹏博士,09:49:02,8.4,62500,8.41,买盘
600804,鹏博士,09:48:59,8.41,102900,8.41,买盘
600804,鹏博士,09:48:56,8.41,130300,8.4,买盘
600804,鹏博士,09:48:50,8.41,116200,8.43,中性盘
600804,鹏博士,09:48:47,8.43,104800,8.41,买盘
600804,鹏博士,09:48:41,8.42,45100,8.42,买盘
600804,鹏博士,09:48:38,8.42,91200,8.4,买盘
600804,鹏博士,09:48:35,8.4,40300,8.42,卖盘
600804,鹏博士,09:48:29,8.43,267300,8.4,买盘
600804,鹏博士,09:48:26,8.4,172300,8.39,买盘
600804,鹏博士,09:48:20,8.38,102900,8.38,买盘
600804,鹏博士,09:48:17,8.38,117800,8.36,买盘
600804,鹏博士,09:48:14,8.36,353700,8.35,买盘
600804,鹏博士,09:48:08,8.35,116700,8.35,买盘
600804,鹏博士,09:48:05,8.35,43900,8.35,买盘
600804,鹏博士,09:48:02,8.35,44400,8.35,卖盘
600804,鹏博士,09:47:59,8.35,42800,8.35,卖盘
600804,鹏博士,09:47:56,8.35,118000,8.35,买盘
600804,鹏博士,09:47:50,8.35,176000,8.35,卖盘
600804,鹏博士,09:47:41,8.36,57600,8.36,卖盘
600804,鹏博士,09:47:35,8.36,127000,8.37,卖盘
600804,鹏博士,09:47:20,8.38,207500,8.41,卖盘
600804,鹏博士,09:47:17,8.41,98600,8.4,买盘
600804,鹏博士,09:47:08,8.4,74200,8.41,卖盘
600804,鹏博士,09:47:05,8.41,41600,8.4,买盘
600804,鹏博士,09:47:02,8.4,53400,8.41,卖盘
600804,鹏博士,09:46:56,8.41,67800,8.41,卖盘
600804,鹏博士,09:46:53,8.41,120800,8.41,卖盘
600804,鹏博士,09:46:50,8.41,102400,8.41,卖盘
600804,鹏博士,09:46:47,8.41,142300,8.41,买盘
600804,鹏博士,09:46:38,8.41,115900,8.4,买盘
600804,鹏博士,09:46:35,8.4,93900,8.41,中性盘
600804,鹏博士,09:46:32,8.41,44800,8.41,买盘
600804,鹏博士,09:46:29,8.41,81100,8.41,买盘
600804,鹏博士,09:46:26,8.41,49600,8.4,买盘
600804,鹏博士,09:46:20,8.41,74200,8.41,买盘
600804,鹏博士,09:46:17,8.41,46900,8.4,买盘
600804,鹏博士,09:46:14,8.4,94500,8.39,买盘
600804,鹏博士,09:46:11,8.39,89200,8.39,卖盘
600804,鹏博士,09:46:08,8.39,98900,8.4,卖盘
600804,鹏博士,09:46:05,8.4,51300,8.39,买盘
600804,鹏博士,09:46:02,8.39,51500,8.39,买盘
600804,鹏博士,09:45:50,8.38,123500,8.4,卖盘
600804,鹏博士,09:45:47,8.4,113000,8.42,卖盘
600804,鹏博士,09:45:44,8.42,126100,8.42,买盘
600804,鹏博士,09:45:38,8.41,209400,8.42,卖盘
600804,鹏博士,09:45:35,8.42,69300,8.41,买盘
600804,鹏博士,09:45:32,8.41,83500,8.41,买盘
600804,鹏博士,09:45:29,8.41,166100,8.42,卖盘
600804,鹏博士,09:45:23,8.42,195600,8.42,买盘
600804,鹏博士,09:45:20,8.42,73800,8.41,买盘
600804,鹏博士,09:45:17,8.41,73000,8.42,卖盘
600804,鹏博士,09:45:14,8.42,149303,8.4,买盘
600804,鹏博士,09:45:11,8.4,113400,8.4,买盘
600804,鹏博士,09:45:08,8.4,235400,8.39,买盘
600804,鹏博士,09:44:59,8.39,79800,8.37,买盘
600804,鹏博士,09:44:56,8.37,76500,8.38,卖盘
600804,鹏博士,09:44:47,8.37,69500,8.39,卖盘
600804,鹏博士,09:44:41,8.39,42400,8.4,卖盘
600804,鹏博士,09:44:38,8.4,90100,8.41,卖盘
600804,鹏博士,09:44:35,8.41,152600,8.41,卖盘
600804,鹏博士,09:44:32,8.41,52200,8.42,卖盘
600804,鹏博士,09:44:29,8.42,45600,8.42,买盘
600804,鹏博士,09:44:23,8.41,126500,8.44,卖盘
600804,鹏博士,09:44:20,8.44,93800,8.44,买盘
600804,鹏博士,09:44:14,8.44,106200,8.45,卖盘
600804,鹏博士,09:44:11,8.45,87800,8.46,卖盘
600804,鹏博士,09:44:08,8.46,151800,8.49,卖盘
600804,鹏博士,09:44:02,8.48,58800,8.49,卖盘
600804,鹏博士,09:43:59,8.49,57700,8.49,买盘
600804,鹏博士,09:43:56,8.49,120100,8.49,买盘
600804,鹏博士,09:43:53,8.49,163900,8.5,卖盘
600804,鹏博士,09:43:50,8.5,65800,8.49,买盘
600804,鹏博士,09:43:47,8.49,124600,8.49,买盘
600804,鹏博士,09:43:44,8.49,98700,8.5,卖盘
600804,鹏博士,09:43:41,8.5,180800,8.51,买盘
600804,鹏博士,09:43:38,8.51,106200,8.5,买盘
600804,鹏博士,09:43:35,8.5,58100,8.49,买盘
600804,鹏博士,09:43:32,8.49,51000,8.5,卖盘
600804,鹏博士,09:43:29,8.5,297100,8.46,买盘
600804,鹏博士,09:43:26,8.46,307000,8.45,中性盘
600804,鹏博士,09:43:23,8.45,330500,8.45,卖盘
600804,鹏博士,09:43:20,8.45,95000,8.44,买盘
600804,鹏博士,09:43:17,8.44,64529,8.44,买盘
600804,鹏博士,09:43:14,8.44,73900,8.43,买盘
600804,鹏博士,09:43:11,8.43,66400,8.45,卖盘
600804,鹏博士,09:43:08,8.45,51100,8.44,买盘
600804,鹏博士,09:43:05,8.44,60900,8.43,中性盘
600804,鹏博士,09:43:02,8.43,42800,8.45,卖盘
600804,鹏博士,09:42:59,8.45,47600,8.45,买盘
600804,鹏博士,09:42:56,8.45,52300,8.47,卖盘
600804,鹏博士,09:42:53,8.47,179100,8.47,买盘
600804,鹏博士,09:42:50,8.47,67100,8.47,卖盘
600804,鹏博士,09:42:44,8.48,82200,8.48,卖盘
600804,鹏博士,09:42:41,8.48,117100,8.5,卖盘
600804,鹏博士,09:42:38,8.5,65000,8.51,卖盘
600804,鹏博士,09:42:35,8.51,133600,8.5,买盘
600804,鹏博士,09:42:32,8.5,72700,8.5,卖盘
600804,鹏博士,09:42:29,8.5,162700,8.52,卖盘
600804,鹏博士,09:42:26,8.52,99300,8.5,买盘
600804,鹏博士,09:42:23,8.5,100900,8.51,卖盘
600804,鹏博士,09:42:20,8.51,128000,8.52,卖盘
600804,鹏博士,09:42:17,8.52,96300,8.5,买盘
600804,鹏博士,09:42:14,8.5,95700,8.51,卖盘
600804,鹏博士,09:42:11,8.51,63100,8.55,中性盘
600804,鹏博士,09:42:08,8.55,201800,8.56,中性盘
600804,鹏博士,09:42:05,8.56,44000,8.51,买盘
600804,鹏博士,09:42:02,8.51,50600,8.51,卖盘
600804,鹏博士,09:41:59,8.51,609200,8.48,买盘
600804,鹏博士,09:41:56,8.48,206400,8.46,买盘
600804,鹏博士,09:41:53,8.46,212300,8.47,卖盘
600804,鹏博士,09:41:50,8.47,675353,8.42,买盘
600804,鹏博士,09:41:47,8.42,103471,8.4,买盘
600804,鹏博士,09:41:44,8.4,341500,8.39,买盘
600804,鹏博士,09:41:41,8.39,187200,8.38,买盘
600804,鹏博士,09:41:38,8.38,121661,8.37,买盘
600804,鹏博士,09:41:35,8.37,133775,8.38,卖盘
600804,鹏博士,09:41:32,8.38,227300,8.38,卖盘
600804,鹏博士,09:41:29,8.38,55225,8.39,卖盘
600804,鹏博士,09:41:26,8.39,110900,8.38,中性盘
600804,鹏博士,09:41:23,8.38,147500,8.4,卖盘
600804,鹏博士,09:41:20,8.4,88900,8.38,买盘
600804,鹏博士,09:41:17,8.38,106000,8.4,卖盘
600804,鹏博士,09:41:14,8.4,96700,8.4,买盘
600804,鹏博士,09:41:11,8.4,118400,8.4,卖盘
600804,鹏博士,09:41:08,8.4,212200,8.43,中性盘
600804,鹏博士,09:41:05,8.43,74500,8.43,买盘
600804,鹏博士,09:41:02,8.43,129500,8.42,买盘
600804,鹏博士,09:40:59,8.42,139900,8.4,买盘
600804,鹏博士,09:40:56,8.4,343737,8.43,卖盘
600804,鹏博士,09:40:53,8.43,283463,8.44,中性盘
600804,鹏博士,09:40:50,8.44,275000,8.45,中性盘
600804,鹏博士,09:40:47,8.45,233500,8.46,中性盘
600804,鹏博士,09:40:44,8.46,163510,8.45,买盘
600804,鹏博士,09:40:41,8.45,320590,8.44,买盘
600804,鹏博士,09:40:38,8.44,275300,8.45,中性盘
600804,鹏博士,09:40:35,8.45,178300,8.45,买盘
600804,鹏博士,09:40:32,8.45,71200,8.48,卖盘
600804,鹏博士,09:40:29,8.48,340600,8.41,买盘
600804,鹏博士,09:40:26,8.41,313700,8.43,卖盘
600804,鹏博士,09:40:23,8.43,87400,8.45,卖盘
600804,鹏博士,09:40:20,8.45,246200,8.4,买盘
600804,鹏博士,09:40:17,8.4,469900,8.37,买盘
600804,鹏博士,09:40:14,8.37,239100,8.35,买盘
600804,鹏博士,09:40:11,8.35,633207,8.33,买盘
600804,鹏博士,09:40:08,8.33,162000,8.31,买盘
600804,鹏博士,09:40:05,8.31,109900,8.3,买盘
600804,鹏博士,09:40:02,8.3,81400,8.3,卖盘
600804,鹏博士,09:39:56,8.3,57500,8.27,中性盘
600804,鹏博士,09:39:53,8.27,99500,8.32,卖盘
600804,鹏博士,09:39:50,8.32,164400,8.33,卖盘
600804,鹏博士,09:39:47,8.33,208800,8.31,买盘
600804,鹏博士,09:39:44,8.31,104400,8.32,卖盘
600804,鹏博士,09:39:41,8.32,275300,8.31,中性盘
600804,鹏博士,09:39:38,8.31,56800,8.33,卖盘
600804,鹏博士,09:39:35,8.33,87600,8.35,中性盘
600804,鹏博士,09:39:32,8.35,495200,8.33,买盘
600804,鹏博士,09:39:29,8.33,102100,8.33,买盘
600804,鹏博士,09:39:26,8.33,83800,8.35,卖盘
600804,鹏博士,09:39:23,8.35,117000,8.35,卖盘
600804,鹏博士,09:39:20,8.35,390800,8.33,买盘
600804,鹏博士,09:39:17,8.33,308200,8.35,卖盘
600804,鹏博士,09:39:14,8.35,286900,8.35,买盘
600804,鹏博士,09:39:11,8.35,79900,8.34,中性盘
600804,鹏博士,09:39:08,8.34,134300,8.34,卖盘
600804,鹏博士,09:39:05,8.34,174400,8.33,买盘
600804,鹏博士,09:39:02,8.33,318500,8.34,卖盘
600804,鹏博士,09:38:59,8.34,100600,8.32,买盘
600804,鹏博士,09:38:56,8.32,166000,8.34,卖盘
600804,鹏博士,09:38:53,8.34,315100,8.3,买盘
600804,鹏博士,09:38:50,8.3,753947,8.27,买盘
600804,鹏博士,09:38:47,8.27,561200,8.26,买盘
600804,鹏博士,09:38:44,8.26,321600,8.25,买盘
600804,鹏博士,09:38:41,8.25,94197,8.26,卖盘
600804,鹏博士,09:38:38,8.26,161400,8.25,买盘
600804,鹏博士,09:38:35,8.25,137000,8.25,卖盘
600804,鹏博士,09:38:32,8.25,188462,8.25,买盘
600804,鹏博士,09:38:29,8.25,218900,8.27,卖盘
600804,鹏博士,09:38:26,8.27,272900,8.25,买盘
600804,鹏博士,09:38:23,8.25,191100,8.26,中性盘
600804,鹏博士,09:38:20,8.26,192700,8.25,买盘
600804,鹏博士,09:38:17,8.25,81000,8.27,卖盘
600804,鹏博士,09:38:14,8.27,201800,8.26,买盘
600804,鹏博士,09:38:11,8.26,175900,8.25,买盘
600804,鹏博士,09:38:08,8.25,142200,8.25,卖盘
600804,鹏博士,09:38:05,8.25,119261,8.24,买盘
600804,鹏博士,09:38:02,8.24,98800,8.23,买盘
600804,鹏博士,09:37:59,8.23,85200,8.23,卖盘
600804,鹏博士,09:37:56,8.23,102000,8.21,买盘
600804,鹏博士,09:37:53,8.21,87300,8.22,中性盘
600804,鹏博士,09:37:50,8.22,365400,8.2,买盘
600804,鹏博士,09:37:47,8.2,109000,8.22,卖盘
600804,鹏博士,09:37:44,8.22,157000,8.23,中性盘
600804,鹏博士,09:37:41,8.23,204500,8.24,卖盘
600804,鹏博士,09:37:38,8.24,194100,8.24,买盘
600804,鹏博士,09:37:35,8.24,221800,8.25,卖盘
600804,鹏博士,09:37:32,8.25,197800,8.2,买盘
600804,鹏博士,09:37:29,8.2,313000,8.23,卖盘
600804,鹏博士,09:37:26,8.23,198300,8.2,买盘
600804,鹏博士,09:37:23,8.2,150600,8.2,卖盘
600804,鹏博士,09:37:20,8.2,182600,8.16,买盘
600804,鹏博士,09:37:17,8.16,146248,8.17,卖盘
600804,鹏博士,09:37:14,8.17,98600,8.18,卖盘
600804,鹏博士,09:37:11,8.18,255700,8.15,买盘
600804,鹏博士,09:37:08,8.15,186200,8.15,买盘
600804,鹏博士,09:37:05,8.15,140500,8.14,买盘
600804,鹏博士,09:37:02,8.14,109800,8.13,买盘
600804,鹏博士,09:36:59,8.13,114000,8.12,买盘
600804,鹏博士,09:36:56,8.12,110700,8.13,卖盘
600804,鹏博士,09:36:53,8.13,67100,8.12,买盘
600804,鹏博士,09:36:50,8.12,455500,8.12,买盘
600804,鹏博士,09:36:47,8.12,249000,8.11,买盘
600804,鹏博士,09:36:44,8.11,202800,8.12,卖盘
600804,鹏博士,09:36:41,8.12,156800,8.13,卖盘
600804,鹏博士,09:36:38,8.13,214800,8.12,买盘
600804,鹏博士,09:36:35,8.12,103100,8.11,买盘
600804,鹏博士,09:36:32,8.11,90600,8.12,卖盘
600804,鹏博士,09:36:29,8.12,71800,8.11,买盘
600804,鹏博士,09:36:26,8.11,182000,8.09,买盘
600804,鹏博士,09:36:20,8.09,287500,8.07,买盘
600804,鹏博士,09:36:17,8.07,89800,8.05,买盘
600804,鹏博士,09:36:14,8.05,294804,8.04,买盘
600804,鹏博士,09:36:11,8.04,167700,8.03,买盘
600804,鹏博士,09:36:08,8.03,98700,8.04,卖盘
600804,鹏博士,09:36:05,8.04,156500,8.03,买盘
600804,鹏博士,09:36:02,8.03,77700,8.03,卖盘
600804,鹏博士,09:35:59,8.03,50300,8.04,卖盘
600804,鹏博士,09:35:56,8.04,46000,8.04,买盘
600804,鹏博士,09:35:53,8.04,50600,8.04,买盘
600804,鹏博士,09:35:44,8.02,124700,8.03,卖盘
600804,鹏博士,09:35:38,8.03,130700,8.04,卖盘
600804,鹏博士,09:35:35,8.04,176600,8.02,买盘
600804,鹏博士,09:35:32,8.02,62600,8.02,卖盘
600804,鹏博士,09:35:29,8.02,118000,8.03,卖盘
600804,鹏博士,09:35:26,8.03,58700,8.04,卖盘
600804,鹏博士,09:35:23,8.04,51500,8.04,买盘
600804,鹏博士,09:35:17,8.04,42600,8.03,买盘
600804,鹏博士,09:35:14,8.03,86800,8.02,买盘
600804,鹏博士,09:35:11,8.02,53400,8.02,卖盘
600804,鹏博士,09:35:08,8.02,60600,8.02,买盘
600804,鹏博士,09:35:02,8.01,64900,8.0,买盘
600804,鹏博士,09:34:56,7.99,157100,8.0,卖盘
600804,鹏博士,09:34:53,8.0,61500,7.98,买盘
600804,鹏博士,09:34:50,7.98,42300,7.99,卖盘
600804,鹏博士,09:34:47,7.99,172300,7.99,买盘
600804,鹏博士,09:34:44,7.99,77600,7.98,买盘
600804,鹏博士,09:34:32,7.98,46400,7.98,买盘
600804,鹏博士,09:34:29,7.98,59100,7.97,买盘
600804,鹏博士,09:34:20,7.97,83300,7.97,卖盘
600804,鹏博士,09:34:17,7.97,49200,7.97,买盘
600804,鹏博士,09:34:11,7.97,46100,7.96,买盘
600804,鹏博士,09:34:02,7.96,84000,7.96,卖盘
600804,鹏博士,09:33:59,7.96,65700,7.95,买盘
600804,鹏博士,09:33:56,7.95,115500,7.94,买盘
600804,鹏博士,09:33:53,7.94,84900,7.94,买盘
600804,鹏博士,09:33:44,7.93,45600,7.92,买盘
600804,鹏博士,09:33:41,7.92,60100,7.93,卖盘
600804,鹏博士,09:33:35,7.93,101700,7.92,买盘
600804,鹏博士,09:33:14,7.93,81000,7.93,买盘
600804,鹏博士,09:32:59,7.91,73900,7.91,中性盘
600804,鹏博士,09:32:53,7.92,72200,7.91,买盘
600804,鹏博士,09:32:32,7.92,46300,7.92,买盘
600804,鹏博士,09:32:20,7.91,62200,7.9,买盘
600804,鹏博士,09:32:08,7.89,41600,7.89,买盘
600804,鹏博士,09:31:53,7.88,67900,7.89,卖盘
600804,鹏博士,09:31:05,7.88,45400,7.88,买盘
600804,鹏博士,09:30:50,7.89,49500,7.89,卖盘
600804,鹏博士,09:30:44,7.89,63600,7.88,买盘
600804,鹏博士,09:30:05,7.88,67000,7.87,中性盘
600804,鹏博士,09:30:02,7.87,174510,7.87,买盘
600804,鹏博士,09:25:00,7.87,232000,0.0,买盘
