code,name,time,price,volume,preprice,type
600459,贵研铂业,14:33:46,26.99,25900,26.99,卖盘
600459,贵研铂业,13:59:25,26.99,20000,26.99,卖盘
600459,贵研铂业,13:10:13,26.99,25900,26.99,卖盘
600459,贵研铂业,13:00:04,26.99,56854,26.99,卖盘
600459,贵研铂业,10:58:00,26.99,30000,26.99,卖盘
600459,贵研铂业,10:50:51,26.99,20000,26.99,卖盘
600459,贵研铂业,10:50:24,26.99,20000,26.99,卖盘
600459,贵研铂业,10:47:57,26.99,50000,26.99,卖盘
600459,贵研铂业,10:44:00,26.99,21600,26.99,卖盘
600459,贵研铂业,10:43:51,26.99,21000,26.99,卖盘
600459,贵研铂业,10:43:18,26.99,57672,26.99,买盘
600459,贵研铂业,10:43:15,26.99,23500,26.98,买盘
600459,贵研铂业,10:42:57,26.96,36700,26.99,卖盘
600459,贵研铂业,10:42:12,26.99,21700,26.98,买盘
600459,贵研铂业,10:41:39,26.98,26000,26.99,卖盘
600459,贵研铂业,10:40:03,26.96,26000,26.94,买盘
600459,贵研铂业,10:39:30,26.99,25700,26.99,卖盘
600459,贵研铂业,10:39:24,26.99,22700,26.99,卖盘
600459,贵研铂业,10:39:21,26.99,26300,26.99,卖盘
600459,贵研铂业,10:39:15,26.99,42100,26.99,卖盘
600459,贵研铂业,10:39:06,26.99,101800,26.99,卖盘
600459,贵研铂业,10:38:42,26.99,327763,26.98,买盘
600459,贵研铂业,10:38:39,26.98,163400,26.97,买盘
600459,贵研铂业,10:38:36,26.97,28300,26.98,卖盘
600459,贵研铂业,10:38:27,26.97,90200,26.94,买盘
600459,贵研铂业,10:37:27,26.88,28000,26.9,卖盘
600459,贵研铂业,10:37:18,26.9,19400,26.91,卖盘
600459,贵研铂业,10:36:33,26.94,36500,26.94,卖盘
600459,贵研铂业,10:36:27,26.92,20900,26.93,卖盘
600459,贵研铂业,10:35:48,26.94,43900,26.94,买盘
600459,贵研铂业,10:35:33,26.93,21700,26.93,卖盘
600459,贵研铂业,10:34:45,26.96,20900,26.95,买盘
600459,贵研铂业,10:34:36,26.96,22800,26.94,买盘
600459,贵研铂业,10:34:21,26.95,25700,26.95,卖盘
600459,贵研铂业,10:34:06,26.99,66200,26.99,买盘
600459,贵研铂业,10:34:03,26.99,18669,26.99,买盘
600459,贵研铂业,10:33:57,26.98,21100,26.99,卖盘
600459,贵研铂业,10:33:51,26.99,21483,26.97,买盘
600459,贵研铂业,10:33:45,26.88,37169,26.88,卖盘
600459,贵研铂业,10:33:42,26.88,126338,26.88,卖盘
600459,贵研铂业,10:33:36,26.88,31400,26.84,买盘
600459,贵研铂业,10:33:27,26.84,24200,26.82,买盘
600459,贵研铂业,10:33:15,26.85,28100,26.83,买盘
600459,贵研铂业,10:33:12,26.83,24100,26.85,卖盘
600459,贵研铂业,10:32:30,26.9,46800,26.91,卖盘
600459,贵研铂业,10:32:18,26.9,41031,26.91,卖盘
600459,贵研铂业,10:32:09,26.9,23800,26.9,买盘
600459,贵研铂业,10:32:00,26.91,20100,26.91,卖盘
600459,贵研铂业,10:31:51,26.9,29100,26.9,卖盘
600459,贵研铂业,10:31:39,26.83,25100,26.82,买盘
600459,贵研铂业,10:31:36,26.82,19000,26.79,买盘
600459,贵研铂业,10:30:51,26.93,32700,26.94,卖盘
600459,贵研铂业,10:30:36,26.91,24300,26.91,卖盘
600459,贵研铂业,10:30:27,26.92,23100,26.95,卖盘
600459,贵研铂业,10:30:18,26.94,27000,26.95,卖盘
600459,贵研铂业,10:29:57,26.97,18800,26.98,卖盘
600459,贵研铂业,10:29:54,26.98,93958,26.99,买盘
600459,贵研铂业,10:29:51,26.99,24400,26.99,卖盘
600459,贵研铂业,10:29:48,26.99,85200,26.99,卖盘
600459,贵研铂业,10:29:45,26.99,40200,26.99,卖盘
600459,贵研铂业,10:29:42,26.99,19891,26.99,卖盘
600459,贵研铂业,10:29:36,26.99,24651,26.99,卖盘
600459,贵研铂业,10:29:33,26.99,94400,26.99,卖盘
600459,贵研铂业,10:29:30,26.99,35700,26.99,卖盘
600459,贵研铂业,10:29:24,26.99,20500,26.99,卖盘
600459,贵研铂业,10:29:06,26.99,35900,26.99,卖盘
600459,贵研铂业,10:28:36,26.99,21300,26.99,卖盘
600459,贵研铂业,10:28:21,26.99,28800,26.99,买盘
600459,贵研铂业,10:28:18,26.99,56100,26.99,买盘
600459,贵研铂业,10:27:42,26.98,80100,26.99,买盘
600459,贵研铂业,10:27:39,26.99,357600,26.99,卖盘
600459,贵研铂业,10:27:33,26.99,24400,26.99,卖盘
600459,贵研铂业,10:27:27,26.99,54200,26.99,卖盘
600459,贵研铂业,10:27:24,26.99,36200,26.99,卖盘
600459,贵研铂业,10:26:48,26.99,28000,26.99,卖盘
600459,贵研铂业,10:26:24,26.99,33400,26.99,卖盘
600459,贵研铂业,10:25:57,26.99,26500,26.99,卖盘
600459,贵研铂业,10:25:45,26.99,29700,26.99,卖盘
600459,贵研铂业,10:25:21,26.99,40000,26.99,卖盘
600459,贵研铂业,10:25:09,26.99,20000,26.99,卖盘
600459,贵研铂业,10:24:39,26.99,22500,26.99,卖盘
600459,贵研铂业,10:24:27,26.99,26700,26.99,卖盘
600459,贵研铂业,10:23:21,26.99,21200,26.99,卖盘
600459,贵研铂业,10:23:09,26.99,28400,26.99,卖盘
600459,贵研铂业,10:22:54,26.99,25800,26.99,卖盘
600459,贵研铂业,10:22:45,26.99,105236,26.99,买盘
600459,贵研铂业,10:22:42,26.99,211900,26.98,买盘
600459,贵研铂业,10:22:30,26.95,20500,26.95,卖盘
600459,贵研铂业,10:22:24,26.99,58800,26.98,买盘
600459,贵研铂业,10:22:18,26.99,26700,26.98,买盘
600459,贵研铂业,10:22:09,26.95,108900,26.99,买盘
600459,贵研铂业,10:22:06,26.99,82100,26.99,卖盘
600459,贵研铂业,10:22:03,26.99,37300,26.99,卖盘
600459,贵研铂业,10:22:00,26.99,146700,26.99,卖盘
600459,贵研铂业,10:21:57,26.99,689700,26.99,卖盘
600459,贵研铂业,10:21:54,26.99,100090,26.99,卖盘
600459,贵研铂业,10:21:51,26.99,195500,26.99,卖盘
600459,贵研铂业,10:21:48,26.99,354300,26.99,卖盘
600459,贵研铂业,10:21:45,26.99,268500,26.99,卖盘
600459,贵研铂业,10:21:42,26.99,463800,26.99,卖盘
600459,贵研铂业,10:21:39,26.99,76700,26.99,卖盘
600459,贵研铂业,10:21:30,26.99,220400,26.99,卖盘
600459,贵研铂业,10:21:24,26.99,28500,26.99,卖盘
600459,贵研铂业,10:21:21,26.99,102500,26.99,卖盘
600459,贵研铂业,10:21:18,26.99,76500,26.99,卖盘
600459,贵研铂业,10:21:03,26.99,40100,26.99,卖盘
600459,贵研铂业,10:20:51,26.99,21731,26.99,卖盘
600459,贵研铂业,10:20:48,26.99,121500,26.99,卖盘
600459,贵研铂业,10:20:33,26.99,100300,26.99,卖盘
600459,贵研铂业,10:20:24,26.99,50000,26.99,卖盘
600459,贵研铂业,10:20:09,26.99,21200,26.99,卖盘
600459,贵研铂业,10:19:57,26.99,50000,26.99,卖盘
600459,贵研铂业,10:19:54,26.99,20500,26.99,卖盘
600459,贵研铂业,10:19:48,26.99,21100,26.99,卖盘
600459,贵研铂业,10:19:33,26.99,20800,26.99,卖盘
600459,贵研铂业,10:18:51,26.99,23800,26.99,卖盘
600459,贵研铂业,10:18:18,26.99,500200,26.99,卖盘
600459,贵研铂业,10:16:54,26.99,25000,26.99,卖盘
600459,贵研铂业,10:16:18,26.99,25300,26.99,卖盘
600459,贵研铂业,10:12:27,26.99,50300,26.99,卖盘
600459,贵研铂业,10:12:18,26.99,21200,26.99,卖盘
600459,贵研铂业,10:12:03,26.99,147100,26.99,卖盘
600459,贵研铂业,10:11:48,26.99,43000,26.99,卖盘
600459,贵研铂业,10:11:45,26.99,94650,26.99,卖盘
600459,贵研铂业,10:11:42,26.99,21517,26.99,卖盘
600459,贵研铂业,10:11:36,26.99,23200,26.99,卖盘
600459,贵研铂业,10:11:24,26.99,24000,26.99,卖盘
600459,贵研铂业,10:11:15,26.99,22700,26.99,卖盘
600459,贵研铂业,10:11:00,26.99,88570,26.99,卖盘
600459,贵研铂业,10:10:57,26.99,31700,26.99,卖盘
600459,贵研铂业,10:10:42,26.99,563637,26.99,买盘
600459,贵研铂业,10:10:39,26.99,1070000,26.94,买盘
600459,贵研铂业,10:10:36,26.94,122400,26.9,买盘
600459,贵研铂业,10:10:33,26.9,323326,26.85,买盘
600459,贵研铂业,10:09:51,26.66,137100,26.66,买盘
600459,贵研铂业,10:09:48,26.66,55600,26.66,买盘
600459,贵研铂业,10:09:45,26.66,110200,26.82,卖盘
600459,贵研铂业,10:09:39,26.8,59000,26.8,买盘
600459,贵研铂业,10:09:36,26.8,24400,26.79,买盘
600459,贵研铂业,10:09:33,26.79,26100,26.75,买盘
600459,贵研铂业,10:09:21,26.72,32200,26.71,买盘
600459,贵研铂业,10:08:33,26.74,21000,26.75,卖盘
600459,贵研铂业,10:07:21,26.7,22600,26.75,卖盘
600459,贵研铂业,10:07:18,26.75,47069,26.75,买盘
600459,贵研铂业,10:07:03,26.8,43800,26.74,买盘
600459,贵研铂业,10:07:00,26.74,30600,26.77,卖盘
600459,贵研铂业,10:06:51,26.77,26800,26.84,卖盘
600459,贵研铂业,10:06:48,26.84,19600,26.81,买盘
600459,贵研铂业,10:06:39,26.78,41230,26.7,买盘
600459,贵研铂业,10:06:36,26.7,91000,26.68,买盘
600459,贵研铂业,10:06:30,26.66,45100,26.64,买盘
600459,贵研铂业,10:06:21,26.6,42700,26.56,买盘
600459,贵研铂业,10:06:15,26.54,26600,26.53,买盘
600459,贵研铂业,10:06:12,26.53,25500,26.5,买盘
600459,贵研铂业,10:06:03,26.5,25100,26.47,买盘
600459,贵研铂业,10:05:48,26.46,33900,26.48,卖盘
600459,贵研铂业,10:04:09,26.49,21500,26.52,卖盘
600459,贵研铂业,10:03:33,26.46,23400,26.46,买盘
600459,贵研铂业,10:02:33,26.56,23400,26.55,买盘
600459,贵研铂业,10:02:27,26.51,55900,26.52,卖盘
600459,贵研铂业,10:02:18,26.39,96000,26.38,中性盘
600459,贵研铂业,10:02:12,26.35,50600,26.4,卖盘
600459,贵研铂业,10:02:00,26.41,82900,26.4,买盘
600459,贵研铂业,10:01:45,26.44,26000,26.46,卖盘
600459,贵研铂业,10:01:39,26.49,42230,26.49,卖盘
600459,贵研铂业,10:01:18,26.55,31100,26.56,买盘
600459,贵研铂业,10:01:15,26.56,43200,26.55,买盘
600459,贵研铂业,10:00:48,26.66,21800,26.69,卖盘
600459,贵研铂业,10:00:45,26.69,39500,26.68,买盘
600459,贵研铂业,10:00:39,26.69,54500,26.71,卖盘
600459,贵研铂业,10:00:15,26.64,21400,26.6,买盘
600459,贵研铂业,10:00:09,26.53,27600,26.56,卖盘
600459,贵研铂业,10:00:00,26.51,43800,26.49,买盘
600459,贵研铂业,09:59:45,26.44,88200,26.44,买盘
600459,贵研铂业,09:59:42,26.44,24400,26.46,卖盘
600459,贵研铂业,09:59:33,26.46,22400,26.45,买盘
600459,贵研铂业,09:59:30,26.45,53400,26.49,卖盘
600459,贵研铂业,09:59:21,26.5,32300,26.6,卖盘
600459,贵研铂业,09:58:54,26.57,29100,26.61,卖盘
600459,贵研铂业,09:58:24,26.62,38700,26.6,中性盘
600459,贵研铂业,09:58:03,26.69,26500,26.67,买盘
600459,贵研铂业,09:58:00,26.67,48900,26.69,卖盘
600459,贵研铂业,09:57:48,26.7,35145,26.67,买盘
600459,贵研铂业,09:57:39,26.57,37000,26.67,卖盘
600459,贵研铂业,09:57:27,26.73,20100,26.73,买盘
600459,贵研铂业,09:57:21,26.8,125869,26.8,卖盘
600459,贵研铂业,09:57:18,26.8,73300,26.84,卖盘
600459,贵研铂业,09:57:15,26.84,63500,26.84,买盘
600459,贵研铂业,09:57:12,26.84,64600,26.86,卖盘
600459,贵研铂业,09:57:09,26.86,48700,26.86,买盘
600459,贵研铂业,09:57:06,26.86,60100,26.84,买盘
600459,贵研铂业,09:57:03,26.84,54900,26.87,卖盘
600459,贵研铂业,09:57:00,26.87,31100,26.87,买盘
600459,贵研铂业,09:56:57,26.87,30600,26.87,买盘
600459,贵研铂业,09:56:54,26.87,55300,26.86,买盘
600459,贵研铂业,09:56:51,26.86,43700,26.8,买盘
600459,贵研铂业,09:56:48,26.8,68131,26.76,买盘
600459,贵研铂业,09:56:42,26.77,30000,26.77,买盘
600459,贵研铂业,09:56:36,26.72,28500,26.68,买盘
600459,贵研铂业,09:56:33,26.68,31500,26.66,买盘
600459,贵研铂业,09:56:30,26.66,28500,26.65,买盘
600459,贵研铂业,09:56:21,26.6,27845,26.59,买盘
600459,贵研铂业,09:56:18,26.59,27900,26.56,买盘
600459,贵研铂业,09:56:12,26.55,41312,26.55,买盘
600459,贵研铂业,09:55:45,26.49,47900,26.5,中性盘
600459,贵研铂业,09:55:12,26.51,97637,26.45,买盘
600459,贵研铂业,09:55:09,26.45,23400,26.44,买盘
600459,贵研铂业,09:54:54,26.45,49800,26.42,买盘
600459,贵研铂业,09:54:27,26.47,32100,26.44,买盘
600459,贵研铂业,09:54:15,26.45,37800,26.46,卖盘
600459,贵研铂业,09:54:12,26.46,26500,26.47,卖盘
600459,贵研铂业,09:53:51,26.48,23300,26.48,买盘
600459,贵研铂业,09:53:30,26.44,29800,26.47,卖盘
600459,贵研铂业,09:53:27,26.47,135700,26.49,卖盘
600459,贵研铂业,09:53:24,26.49,20600,26.5,卖盘
600459,贵研铂业,09:53:21,26.5,62300,26.52,卖盘
600459,贵研铂业,09:53:18,26.52,30100,26.54,买盘
600459,贵研铂业,09:53:09,26.5,97000,26.5,卖盘
600459,贵研铂业,09:53:06,26.5,161700,26.49,买盘
600459,贵研铂业,09:53:03,26.49,36800,26.48,买盘
600459,贵研铂业,09:53:00,26.48,19800,26.47,买盘
600459,贵研铂业,09:52:54,26.44,26500,26.44,卖盘
600459,贵研铂业,09:52:51,26.44,135200,26.4,买盘
600459,贵研铂业,09:52:48,26.4,110849,26.38,买盘
600459,贵研铂业,09:52:45,26.38,50000,26.37,买盘
600459,贵研铂业,09:52:39,26.35,31600,26.34,买盘
600459,贵研铂业,09:52:30,26.33,46300,26.33,买盘
600459,贵研铂业,09:52:27,26.33,30000,26.32,买盘
600459,贵研铂业,09:52:15,26.33,19000,26.3,买盘
600459,贵研铂业,09:52:12,26.3,32300,26.3,卖盘
600459,贵研铂业,09:51:51,26.31,52700,26.34,卖盘
600459,贵研铂业,09:51:48,26.34,33500,26.33,买盘
600459,贵研铂业,09:51:45,26.33,41200,26.33,卖盘
600459,贵研铂业,09:51:30,26.34,22400,26.34,卖盘
600459,贵研铂业,09:51:21,26.34,67200,26.34,卖盘
600459,贵研铂业,09:51:00,26.35,37700,26.36,卖盘
600459,贵研铂业,09:50:54,26.38,24200,26.38,卖盘
600459,贵研铂业,09:50:42,26.37,40100,26.35,买盘
600459,贵研铂业,09:50:36,26.33,26100,26.31,买盘
600459,贵研铂业,09:50:30,26.32,71600,26.25,买盘
600459,贵研铂业,09:50:27,26.25,49400,26.3,卖盘
600459,贵研铂业,09:50:21,26.3,19800,26.29,买盘
600459,贵研铂业,09:50:18,26.29,124700,26.35,卖盘
600459,贵研铂业,09:50:12,26.33,23000,26.38,卖盘
600459,贵研铂业,09:50:09,26.38,21300,26.38,买盘
600459,贵研铂业,09:50:00,26.38,36600,26.36,买盘
600459,贵研铂业,09:49:39,26.3,26500,26.3,买盘
600459,贵研铂业,09:49:36,26.3,54100,26.31,卖盘
600459,贵研铂业,09:49:33,26.31,20483,26.34,卖盘
600459,贵研铂业,09:49:21,26.29,23900,26.3,中性盘
600459,贵研铂业,09:49:15,26.29,159400,26.24,买盘
600459,贵研铂业,09:49:03,26.25,26300,26.25,卖盘
600459,贵研铂业,09:48:54,26.2,32100,26.22,卖盘
600459,贵研铂业,09:48:48,26.2,33000,26.19,买盘
600459,贵研铂业,09:48:36,26.23,21100,26.24,卖盘
600459,贵研铂业,09:48:33,26.24,52100,26.28,中性盘
600459,贵研铂业,09:48:27,26.28,62600,26.28,买盘
600459,贵研铂业,09:48:24,26.28,22500,26.31,卖盘
600459,贵研铂业,09:48:21,26.31,22700,26.34,卖盘
600459,贵研铂业,09:48:12,26.3,53800,26.29,买盘
600459,贵研铂业,09:48:09,26.29,26100,26.28,买盘
600459,贵研铂业,09:48:06,26.28,30200,26.24,买盘
600459,贵研铂业,09:48:03,26.24,35700,26.22,买盘
600459,贵研铂业,09:48:00,26.22,25400,26.2,买盘
600459,贵研铂业,09:47:57,26.2,29413,26.2,买盘
600459,贵研铂业,09:47:51,26.2,64900,26.18,买盘
600459,贵研铂业,09:47:45,26.18,78787,26.19,卖盘
600459,贵研铂业,09:47:42,26.19,21413,26.18,买盘
600459,贵研铂业,09:47:36,26.18,44000,26.16,买盘
600459,贵研铂业,09:47:21,26.14,19600,26.17,卖盘
600459,贵研铂业,09:47:12,26.18,35700,26.22,卖盘
600459,贵研铂业,09:47:09,26.22,52500,26.23,卖盘
600459,贵研铂业,09:47:03,26.23,89100,26.22,买盘
600459,贵研铂业,09:46:57,26.23,101300,26.24,中性盘
600459,贵研铂业,09:46:48,26.28,23500,26.24,买盘
600459,贵研铂业,09:46:45,26.24,39900,26.34,中性盘
600459,贵研铂业,09:46:42,26.34,136000,26.32,买盘
600459,贵研铂业,09:46:39,26.32,178700,26.35,中性盘
600459,贵研铂业,09:46:36,26.35,46900,26.3,买盘
600459,贵研铂业,09:46:33,26.3,33400,26.3,买盘
600459,贵研铂业,09:46:30,26.3,33700,26.28,买盘
600459,贵研铂业,09:46:27,26.28,30600,26.22,买盘
600459,贵研铂业,09:46:24,26.22,50300,26.18,买盘
600459,贵研铂业,09:46:15,26.15,22000,26.12,买盘
600459,贵研铂业,09:46:09,26.11,102700,26.09,买盘
600459,贵研铂业,09:46:03,26.09,25800,26.09,买盘
600459,贵研铂业,09:46:00,26.09,23300,26.09,买盘
600459,贵研铂业,09:45:57,26.09,19268,26.08,买盘
600459,贵研铂业,09:45:45,26.09,27668,26.08,买盘
600459,贵研铂业,09:45:42,26.08,34400,26.09,卖盘
600459,贵研铂业,09:45:39,26.09,20000,26.09,买盘
600459,贵研铂业,09:45:36,26.09,49000,26.1,卖盘
600459,贵研铂业,09:45:33,26.1,19200,26.1,买盘
600459,贵研铂业,09:45:24,26.1,23200,26.09,买盘
600459,贵研铂业,09:45:12,26.09,20000,26.13,卖盘
600459,贵研铂业,09:45:00,26.16,29300,26.16,买盘
600459,贵研铂业,09:44:54,26.19,55700,26.2,卖盘
600459,贵研铂业,09:44:51,26.2,23387,26.23,卖盘
600459,贵研铂业,09:44:39,26.21,153913,26.19,买盘
600459,贵研铂业,09:44:36,26.19,50800,26.19,买盘
600459,贵研铂业,09:44:30,26.17,42100,26.15,中性盘
600459,贵研铂业,09:44:24,26.18,27600,26.14,买盘
600459,贵研铂业,09:44:21,26.14,24460,26.15,卖盘
600459,贵研铂业,09:44:09,26.1,20900,26.1,买盘
600459,贵研铂业,09:43:57,26.09,75200,26.08,买盘
600459,贵研铂业,09:43:54,26.08,26000,26.07,买盘
600459,贵研铂业,09:43:33,26.05,20100,26.05,卖盘
600459,贵研铂业,09:43:30,26.05,28295,26.05,买盘
600459,贵研铂业,09:43:24,26.07,21500,26.05,买盘
600459,贵研铂业,09:43:18,26.05,23900,26.06,卖盘
600459,贵研铂业,09:43:15,26.06,32600,26.1,卖盘
600459,贵研铂业,09:43:09,26.05,126538,26.1,卖盘
600459,贵研铂业,09:43:03,26.15,51000,26.16,卖盘
600459,贵研铂业,09:42:57,26.14,61700,26.14,卖盘
600459,贵研铂业,09:42:48,26.12,23700,26.08,买盘
600459,贵研铂业,09:42:45,26.08,65090,26.07,买盘
600459,贵研铂业,09:42:33,26.06,21400,26.04,买盘
600459,贵研铂业,09:42:30,26.04,22800,26.02,中性盘
600459,贵研铂业,09:42:27,26.02,26900,26.03,卖盘
600459,贵研铂业,09:42:24,26.03,27200,26.0,买盘
600459,贵研铂业,09:42:21,26.0,55200,26.02,卖盘
600459,贵研铂业,09:42:18,26.02,19900,26.0,买盘
600459,贵研铂业,09:42:15,26.0,24800,25.98,买盘
600459,贵研铂业,09:42:06,25.97,26200,25.97,买盘
600459,贵研铂业,09:41:57,25.97,19600,26.02,卖盘
600459,贵研铂业,09:41:51,25.97,26300,26.02,卖盘
600459,贵研铂业,09:41:48,26.02,25700,26.02,卖盘
600459,贵研铂业,09:41:42,26.02,24700,26.01,中性盘
600459,贵研铂业,09:41:36,26.0,53200,26.0,买盘
600459,贵研铂业,09:41:30,25.96,21400,25.94,买盘
600459,贵研铂业,09:41:09,25.9,47700,25.97,卖盘
600459,贵研铂业,09:41:06,25.97,111168,25.97,买盘
600459,贵研铂业,09:41:03,25.97,50900,26.0,卖盘
600459,贵研铂业,09:41:00,26.0,60500,26.05,卖盘
600459,贵研铂业,09:40:57,26.05,95500,26.0,中性盘
600459,贵研铂业,09:40:54,26.0,44700,26.08,卖盘
600459,贵研铂业,09:40:51,26.08,67800,26.07,买盘
600459,贵研铂业,09:40:45,26.06,111928,26.0,买盘
600459,贵研铂业,09:40:42,26.0,94900,25.97,买盘
600459,贵研铂业,09:40:39,25.97,132100,25.98,卖盘
600459,贵研铂业,09:40:36,25.98,85132,25.92,买盘
600459,贵研铂业,09:40:33,25.92,81400,25.89,买盘
600459,贵研铂业,09:40:30,25.89,51000,25.88,买盘
600459,贵研铂业,09:40:27,25.88,43900,25.85,买盘
600459,贵研铂业,09:40:24,25.85,45100,25.82,买盘
600459,贵研铂业,09:40:21,25.82,78200,25.78,买盘
600459,贵研铂业,09:40:15,25.82,28200,25.78,买盘
600459,贵研铂业,09:40:12,25.78,87200,25.83,卖盘
600459,贵研铂业,09:40:09,25.83,21500,25.8,买盘
600459,贵研铂业,09:40:03,25.81,111500,25.77,买盘
600459,贵研铂业,09:40:00,25.77,25400,25.78,买盘
600459,贵研铂业,09:39:57,25.78,20700,25.73,买盘
600459,贵研铂业,09:39:54,25.73,28200,25.79,卖盘
600459,贵研铂业,09:39:51,25.79,208000,25.7,买盘
600459,贵研铂业,09:39:48,25.7,108000,25.73,卖盘
600459,贵研铂业,09:39:45,25.73,69736,25.71,买盘
600459,贵研铂业,09:39:39,25.71,31700,25.7,买盘
600459,贵研铂业,09:39:36,25.7,20698,25.7,卖盘
600459,贵研铂业,09:39:33,25.7,23402,25.7,中性盘
600459,贵研铂业,09:39:27,25.69,52800,25.7,卖盘
600459,贵研铂业,09:39:21,25.75,34500,25.72,买盘
600459,贵研铂业,09:39:15,25.72,26400,25.78,卖盘
600459,贵研铂业,09:39:12,25.78,84300,25.84,卖盘
600459,贵研铂业,09:39:09,25.84,41600,25.85,卖盘
600459,贵研铂业,09:39:03,25.85,42800,25.84,买盘
600459,贵研铂业,09:39:00,25.84,19800,25.82,买盘
600459,贵研铂业,09:38:57,25.82,30400,25.8,买盘
600459,贵研铂业,09:38:54,25.8,85619,25.8,买盘
600459,贵研铂业,09:38:51,25.8,100200,25.78,买盘
600459,贵研铂业,09:38:48,25.78,30400,25.77,买盘
600459,贵研铂业,09:38:45,25.77,85400,25.72,买盘
600459,贵研铂业,09:38:42,25.72,165900,25.65,买盘
600459,贵研铂业,09:38:39,25.65,66711,25.63,买盘
600459,贵研铂业,09:38:36,25.63,29500,25.62,买盘
600459,贵研铂业,09:38:33,25.62,22300,25.58,买盘
600459,贵研铂业,09:38:27,25.62,58900,25.62,卖盘
600459,贵研铂业,09:38:24,25.62,26400,25.62,买盘
600459,贵研铂业,09:38:06,25.64,76200,25.65,卖盘
600459,贵研铂业,09:38:03,25.65,27400,25.66,卖盘
600459,贵研铂业,09:38:00,25.66,28100,25.66,卖盘
600459,贵研铂业,09:37:57,25.66,30400,25.66,卖盘
600459,贵研铂业,09:37:54,25.66,31200,25.64,中性盘
600459,贵研铂业,09:37:51,25.64,34300,25.68,卖盘
600459,贵研铂业,09:37:48,25.68,54600,25.61,买盘
600459,贵研铂业,09:37:45,25.61,26300,25.64,卖盘
600459,贵研铂业,09:37:42,25.64,56600,25.64,卖盘
600459,贵研铂业,09:37:39,25.64,30700,25.62,买盘
600459,贵研铂业,09:37:36,25.62,72211,25.72,卖盘
600459,贵研铂业,09:37:33,25.72,50800,25.7,买盘
600459,贵研铂业,09:37:24,25.67,159100,25.62,买盘
600459,贵研铂业,09:37:21,25.62,48600,25.66,卖盘
600459,贵研铂业,09:37:18,25.66,49100,25.69,中性盘
600459,贵研铂业,09:37:15,25.69,20600,25.7,中性盘
600459,贵研铂业,09:37:12,25.7,48400,25.59,买盘
600459,贵研铂业,09:37:09,25.59,38300,25.72,卖盘
600459,贵研铂业,09:37:06,25.72,23900,25.58,买盘
600459,贵研铂业,09:36:57,25.49,80700,25.5,卖盘
600459,贵研铂业,09:36:54,25.5,30800,25.55,卖盘
600459,贵研铂业,09:36:51,25.55,360700,25.4,买盘
600459,贵研铂业,09:36:39,25.59,35600,25.31,买盘
600459,贵研铂业,09:36:33,25.23,471300,25.59,卖盘
600459,贵研铂业,09:36:30,25.59,32800,25.65,卖盘
600459,贵研铂业,09:36:27,25.65,20700,25.61,买盘
600459,贵研铂业,09:36:21,25.7,57200,25.68,买盘
600459,贵研铂业,09:36:18,25.68,48000,25.72,卖盘
600459,贵研铂业,09:36:15,25.72,139200,25.75,卖盘
600459,贵研铂业,09:36:12,25.75,50600,25.76,卖盘
600459,贵研铂业,09:36:09,25.76,76600,25.74,买盘
600459,贵研铂业,09:36:06,25.74,73900,25.68,买盘
600459,贵研铂业,09:36:03,25.68,124600,25.65,买盘
600459,贵研铂业,09:36:00,25.65,50500,25.65,卖盘
600459,贵研铂业,09:35:54,25.68,106700,25.59,买盘
600459,贵研铂业,09:35:51,25.59,89300,25.57,买盘
600459,贵研铂业,09:35:45,25.54,56500,25.54,卖盘
600459,贵研铂业,09:35:42,25.54,48700,25.59,卖盘
600459,贵研铂业,09:35:39,25.59,36200,25.55,买盘
600459,贵研铂业,09:35:36,25.55,46900,25.56,中性盘
600459,贵研铂业,09:35:33,25.56,79100,25.59,中性盘
600459,贵研铂业,09:35:30,25.59,23600,25.6,卖盘
600459,贵研铂业,09:35:27,25.6,79000,25.56,买盘
600459,贵研铂业,09:35:24,25.56,48600,25.6,卖盘
600459,贵研铂业,09:35:21,25.6,137800,25.62,卖盘
600459,贵研铂业,09:35:18,25.62,28200,25.65,中性盘
600459,贵研铂业,09:35:15,25.65,97400,25.69,卖盘
600459,贵研铂业,09:35:12,25.69,56600,25.69,买盘
600459,贵研铂业,09:35:09,25.69,57600,25.68,买盘
600459,贵研铂业,09:35:06,25.68,42100,25.65,买盘
600459,贵研铂业,09:35:03,25.65,29400,25.64,买盘
600459,贵研铂业,09:35:00,25.64,83100,25.5,买盘
600459,贵研铂业,09:34:57,25.5,108400,25.48,买盘
600459,贵研铂业,09:34:54,25.48,114400,25.45,买盘
600459,贵研铂业,09:34:51,25.45,58300,25.44,买盘
600459,贵研铂业,09:34:45,25.44,39500,25.41,买盘
600459,贵研铂业,09:34:42,25.41,33998,25.4,买盘
600459,贵研铂业,09:34:39,25.4,29500,25.39,买盘
600459,贵研铂业,09:34:36,25.39,21400,25.38,买盘
600459,贵研铂业,09:34:33,25.38,19900,25.4,卖盘
600459,贵研铂业,09:34:30,25.4,35400,25.4,买盘
600459,贵研铂业,09:34:18,25.4,46900,25.4,买盘
600459,贵研铂业,09:34:15,25.4,43100,25.4,卖盘
600459,贵研铂业,09:34:12,25.4,32200,25.4,买盘
600459,贵研铂业,09:34:06,25.35,51300,25.37,卖盘
600459,贵研铂业,09:34:03,25.37,56200,25.4,卖盘
600459,贵研铂业,09:34:00,25.4,61500,25.4,卖盘
600459,贵研铂业,09:33:57,25.4,67000,25.39,买盘
600459,贵研铂业,09:33:54,25.39,79100,25.42,卖盘
600459,贵研铂业,09:33:51,25.42,28400,25.37,买盘
600459,贵研铂业,09:33:48,25.37,20500,25.4,卖盘
600459,贵研铂业,09:33:45,25.4,35800,25.38,买盘
600459,贵研铂业,09:33:39,25.37,20600,25.37,卖盘
600459,贵研铂业,09:33:36,25.37,39300,25.32,买盘
600459,贵研铂业,09:33:30,25.31,53800,25.25,买盘
600459,贵研铂业,09:33:27,25.25,49400,25.24,买盘
600459,贵研铂业,09:33:24,25.24,37800,25.22,买盘
600459,贵研铂业,09:33:21,25.22,34100,25.22,卖盘
600459,贵研铂业,09:33:15,25.2,54000,25.19,买盘
600459,贵研铂业,09:33:12,25.19,43100,25.17,买盘
600459,贵研铂业,09:33:03,25.15,33100,25.13,买盘
600459,贵研铂业,09:33:00,25.13,26500,25.1,买盘
600459,贵研铂业,09:32:57,25.1,39800,25.07,买盘
600459,贵研铂业,09:32:54,25.07,27200,25.07,买盘
600459,贵研铂业,09:32:45,25.09,27000,25.1,卖盘
600459,贵研铂业,09:32:39,25.1,30400,25.16,卖盘
600459,贵研铂业,09:32:30,25.07,21000,25.11,卖盘
600459,贵研铂业,09:32:24,25.14,38900,25.16,卖盘
600459,贵研铂业,09:32:21,25.16,34500,25.23,卖盘
600459,贵研铂业,09:32:18,25.23,22600,25.16,买盘
600459,贵研铂业,09:32:15,25.16,65800,25.17,卖盘
600459,贵研铂业,09:32:12,25.17,29500,25.1,买盘
600459,贵研铂业,09:32:09,25.1,68400,25.1,中性盘
600459,贵研铂业,09:32:06,25.1,25100,25.04,买盘
600459,贵研铂业,09:32:03,25.04,53760,25.0,买盘
600459,贵研铂业,09:32:00,25.0,154500,24.95,买盘
600459,贵研铂业,09:31:57,24.95,69200,24.95,卖盘
600459,贵研铂业,09:31:48,24.92,23000,24.89,中性盘
600459,贵研铂业,09:31:42,24.89,41000,24.89,买盘
600459,贵研铂业,09:31:36,24.88,52700,24.89,卖盘
600459,贵研铂业,09:31:27,24.88,34500,24.88,买盘
600459,贵研铂业,09:31:24,24.88,32600,24.86,买盘
600459,贵研铂业,09:31:15,24.83,38200,24.83,中性盘
600459,贵研铂业,09:31:09,24.84,42000,24.84,买盘
600459,贵研铂业,09:30:51,24.81,46000,24.77,买盘
600459,贵研铂业,09:30:18,24.71,40400,24.72,卖盘
600459,贵研铂业,09:30:15,24.72,49000,24.76,卖盘
600459,贵研铂业,09:30:06,24.75,44100,24.79,卖盘
600459,贵研铂业,09:30:03,24.79,122800,24.75,买盘
600459,贵研铂业,09:25:10,24.71,66738,0.0,买盘
