code,name,time,price,volume,preprice,type
300433,蓝思科技,15:00:03,24.15,214635,24.15,中性盘
300433,蓝思科技,14:54:12,24.15,65400,24.15,卖盘
300433,蓝思科技,14:53:57,24.15,35600,24.15,卖盘
300433,蓝思科技,14:52:33,24.15,77600,24.15,卖盘
300433,蓝思科技,14:50:54,24.15,23100,24.15,卖盘
300433,蓝思科技,14:42:33,24.15,101500,24.15,卖盘
300433,蓝思科技,14:39:48,24.15,21800,24.15,卖盘
300433,蓝思科技,14:39:30,24.15,110700,24.15,卖盘
300433,蓝思科技,14:39:06,24.15,26700,24.15,卖盘
300433,蓝思科技,14:38:36,24.15,100800,24.15,卖盘
300433,蓝思科技,14:37:54,24.15,33900,24.15,卖盘
300433,蓝思科技,14:37:24,24.15,66500,24.15,卖盘
300433,蓝思科技,14:37:18,24.15,28700,24.15,卖盘
300433,蓝思科技,14:37:15,24.15,28299,24.15,卖盘
300433,蓝思科技,14:37:09,24.15,203441,24.15,买盘
300433,蓝思科技,14:37:06,24.15,149400,24.15,买盘
300433,蓝思科技,14:37:03,24.15,56600,24.15,买盘
300433,蓝思科技,14:37:00,24.15,118700,24.15,买盘
300433,蓝思科技,14:36:57,24.15,97025,24.15,买盘
300433,蓝思科技,14:36:54,24.15,319539,24.14,买盘
300433,蓝思科技,14:36:48,24.15,582524,24.15,买盘
300433,蓝思科技,14:36:45,24.15,34300,24.14,买盘
300433,蓝思科技,14:36:42,24.14,21943,24.15,卖盘
300433,蓝思科技,14:36:39,24.15,86496,24.15,买盘
300433,蓝思科技,14:36:33,24.15,48600,24.14,买盘
300433,蓝思科技,14:36:18,24.14,35200,24.14,卖盘
300433,蓝思科技,14:36:12,24.14,235600,24.14,买盘
300433,蓝思科技,14:36:09,24.14,31900,24.13,买盘
300433,蓝思科技,14:36:06,24.13,79400,24.14,卖盘
300433,蓝思科技,14:36:03,24.14,64000,24.14,买盘
300433,蓝思科技,14:36:00,24.14,80900,24.13,买盘
300433,蓝思科技,14:35:57,24.13,36800,24.13,卖盘
300433,蓝思科技,14:35:48,24.13,45200,24.12,买盘
300433,蓝思科技,14:35:42,24.14,127600,24.12,买盘
300433,蓝思科技,14:35:39,24.12,30080,24.12,买盘
300433,蓝思科技,14:35:36,24.12,23500,24.12,买盘
300433,蓝思科技,14:35:27,24.12,35300,24.11,买盘
300433,蓝思科技,14:35:18,24.12,31400,24.12,买盘
300433,蓝思科技,14:34:54,24.13,23100,24.12,买盘
300433,蓝思科技,14:34:51,24.12,26700,24.12,买盘
300433,蓝思科技,14:34:48,24.12,24200,24.12,买盘
300433,蓝思科技,14:34:42,24.13,29000,24.13,买盘
300433,蓝思科技,14:34:36,24.12,43361,24.13,卖盘
300433,蓝思科技,14:34:21,24.12,57600,24.13,卖盘
300433,蓝思科技,14:34:09,24.14,75124,24.13,买盘
300433,蓝思科技,14:34:00,24.14,50300,24.14,卖盘
300433,蓝思科技,14:33:57,24.14,50045,24.14,卖盘
300433,蓝思科技,14:33:54,24.14,82993,24.14,卖盘
300433,蓝思科技,14:33:42,24.14,23800,24.14,卖盘
300433,蓝思科技,14:33:33,24.14,27600,24.14,买盘
300433,蓝思科技,14:33:24,24.13,33021,24.15,卖盘
300433,蓝思科技,14:33:21,24.15,43600,24.14,买盘
300433,蓝思科技,14:33:15,24.14,30700,24.14,卖盘
300433,蓝思科技,14:33:09,24.14,35000,24.14,卖盘
300433,蓝思科技,14:33:03,24.14,29200,24.14,卖盘
300433,蓝思科技,14:33:00,24.14,22300,24.15,卖盘
300433,蓝思科技,14:32:54,24.14,22000,24.15,卖盘
300433,蓝思科技,14:32:51,24.15,26500,24.14,买盘
300433,蓝思科技,14:32:48,24.14,39400,24.14,买盘
300433,蓝思科技,14:32:36,24.14,37500,24.13,买盘
300433,蓝思科技,14:32:30,24.14,32900,24.14,买盘
300433,蓝思科技,14:32:21,24.14,23900,24.14,买盘
300433,蓝思科技,14:32:18,24.14,38200,24.14,买盘
300433,蓝思科技,14:32:15,24.14,62500,24.15,卖盘
300433,蓝思科技,14:32:12,24.15,25600,24.15,买盘
300433,蓝思科技,14:32:09,24.15,181600,24.15,买盘
300433,蓝思科技,14:32:06,24.15,93900,24.15,卖盘
300433,蓝思科技,14:32:03,24.15,53500,24.15,卖盘
300433,蓝思科技,14:32:00,24.15,72500,24.15,卖盘
300433,蓝思科技,14:31:57,24.15,893125,24.1,买盘
300433,蓝思科技,14:31:54,24.1,47200,24.13,卖盘
300433,蓝思科技,14:31:51,24.13,64200,24.09,买盘
300433,蓝思科技,14:31:48,24.09,42300,24.12,卖盘
300433,蓝思科技,14:31:45,24.12,107500,24.11,买盘
300433,蓝思科技,14:31:39,24.05,25000,24.03,买盘
300433,蓝思科技,14:31:27,24.02,45582,24.09,卖盘
300433,蓝思科技,14:31:24,24.09,58500,24.05,买盘
300433,蓝思科技,14:31:06,24.15,238498,24.15,买盘
300433,蓝思科技,14:31:03,24.15,257000,24.15,卖盘
300433,蓝思科技,14:31:00,24.15,317500,24.15,卖盘
300433,蓝思科技,14:30:57,24.15,53500,24.15,卖盘
300433,蓝思科技,14:30:54,24.15,92000,24.15,卖盘
300433,蓝思科技,14:30:51,24.15,25000,24.15,卖盘
300433,蓝思科技,14:30:48,24.15,44100,24.15,卖盘
300433,蓝思科技,14:30:42,24.15,37900,24.15,卖盘
300433,蓝思科技,14:30:39,24.15,71200,24.15,卖盘
300433,蓝思科技,14:30:36,24.15,30200,24.15,卖盘
300433,蓝思科技,14:30:33,24.15,124700,24.15,卖盘
300433,蓝思科技,14:30:27,24.15,41800,24.15,卖盘
300433,蓝思科技,14:30:24,24.15,241400,24.15,卖盘
300433,蓝思科技,14:30:21,24.15,191550,24.15,卖盘
300433,蓝思科技,14:30:18,24.15,109855,24.15,卖盘
300433,蓝思科技,14:30:15,24.15,254999,24.15,卖盘
300433,蓝思科技,14:30:12,24.15,90700,24.15,卖盘
300433,蓝思科技,14:30:09,24.15,55900,24.15,卖盘
300433,蓝思科技,14:30:06,24.15,271000,24.15,卖盘
300433,蓝思科技,14:30:03,24.15,56700,24.15,卖盘
300433,蓝思科技,14:30:00,24.15,42600,24.15,卖盘
300433,蓝思科技,14:29:57,24.15,58127,24.15,卖盘
300433,蓝思科技,14:29:54,24.15,491960,24.15,卖盘
300433,蓝思科技,14:29:51,24.15,49200,24.15,卖盘
300433,蓝思科技,14:29:48,24.15,94800,24.15,卖盘
300433,蓝思科技,14:29:45,24.15,30100,24.15,卖盘
300433,蓝思科技,14:29:42,24.15,84000,24.15,卖盘
300433,蓝思科技,14:29:39,24.15,4625535,24.15,买盘
300433,蓝思科技,14:29:36,24.15,1924800,24.1,买盘
300433,蓝思科技,14:29:33,24.1,37500,24.1,买盘
300433,蓝思科技,14:29:30,24.1,1568719,24.0,买盘
300433,蓝思科技,14:29:27,24.0,52300,23.99,买盘
300433,蓝思科技,14:29:24,23.99,107200,23.98,买盘
300433,蓝思科技,14:29:21,23.98,72300,23.99,卖盘
300433,蓝思科技,14:29:18,23.99,91700,23.98,买盘
300433,蓝思科技,14:29:15,23.98,25500,23.98,卖盘
300433,蓝思科技,14:29:12,23.98,52903,23.98,买盘
300433,蓝思科技,14:29:09,23.98,58500,23.98,买盘
300433,蓝思科技,14:29:00,23.97,23800,23.95,买盘
300433,蓝思科技,14:28:12,23.94,45200,23.95,中性盘
300433,蓝思科技,14:27:57,23.96,35800,23.95,买盘
300433,蓝思科技,14:27:54,23.95,44100,23.95,买盘
300433,蓝思科技,14:27:51,23.95,34391,23.98,卖盘
300433,蓝思科技,14:27:48,23.98,182300,23.98,买盘
300433,蓝思科技,14:27:45,23.98,32300,23.97,买盘
300433,蓝思科技,14:27:42,23.97,219700,23.97,买盘
300433,蓝思科技,14:27:39,23.97,287509,23.92,买盘
300433,蓝思科技,14:27:36,23.92,301200,23.92,卖盘
300433,蓝思科技,14:27:33,23.92,54500,23.91,买盘
300433,蓝思科技,14:27:27,23.9,31500,23.9,卖盘
300433,蓝思科技,14:27:03,23.9,24600,23.89,买盘
300433,蓝思科技,14:26:51,23.88,21500,23.88,买盘
300433,蓝思科技,14:26:30,23.88,27200,23.86,买盘
300433,蓝思科技,14:26:18,23.87,22820,23.86,买盘
300433,蓝思科技,14:26:09,23.86,52100,23.87,买盘
300433,蓝思科技,14:25:33,23.87,23800,23.87,卖盘
300433,蓝思科技,14:25:24,23.88,30200,23.87,买盘
300433,蓝思科技,14:25:06,23.87,22200,23.87,买盘
300433,蓝思科技,14:24:15,23.88,21700,23.87,买盘
300433,蓝思科技,14:23:30,23.88,26800,23.86,买盘
300433,蓝思科技,14:22:45,23.9,48040,23.91,卖盘
300433,蓝思科技,14:22:24,23.91,24200,23.91,卖盘
300433,蓝思科技,14:21:57,23.91,27492,23.92,卖盘
300433,蓝思科技,14:21:33,23.93,22200,23.93,卖盘
300433,蓝思科技,14:21:18,23.94,29150,23.92,买盘
300433,蓝思科技,14:20:51,23.95,30400,23.93,买盘
300433,蓝思科技,14:20:45,23.93,37700,23.93,买盘
300433,蓝思科技,14:20:42,23.93,26300,23.92,买盘
300433,蓝思科技,14:20:27,23.91,30800,23.91,卖盘
300433,蓝思科技,14:20:15,23.9,22800,23.91,卖盘
300433,蓝思科技,14:20:09,23.9,159210,23.86,买盘
300433,蓝思科技,14:19:39,23.83,25800,23.82,买盘
300433,蓝思科技,14:19:36,23.82,39700,23.82,买盘
300433,蓝思科技,14:19:33,23.82,33200,23.81,买盘
300433,蓝思科技,14:19:09,23.83,27433,23.8,买盘
300433,蓝思科技,14:18:42,23.79,25835,23.79,卖盘
300433,蓝思科技,14:18:33,23.8,22300,23.81,卖盘
300433,蓝思科技,14:18:21,23.8,27661,23.8,卖盘
300433,蓝思科技,14:17:39,23.86,38600,23.85,买盘
300433,蓝思科技,14:17:18,23.84,32784,23.84,卖盘
300433,蓝思科技,14:17:09,23.84,23034,23.84,卖盘
300433,蓝思科技,14:17:06,23.84,30300,23.84,买盘
300433,蓝思科技,14:15:21,23.76,31400,23.75,买盘
300433,蓝思科技,14:14:48,23.75,31100,23.75,买盘
300433,蓝思科技,14:14:03,23.72,21700,23.71,买盘
300433,蓝思科技,14:13:15,23.7,26455,23.68,买盘
300433,蓝思科技,14:12:39,23.66,51691,23.67,卖盘
300433,蓝思科技,14:12:15,23.65,30700,23.67,卖盘
300433,蓝思科技,14:11:51,23.68,51800,23.7,卖盘
300433,蓝思科技,14:11:42,23.69,39200,23.69,买盘
300433,蓝思科技,14:11:18,23.71,27700,23.71,买盘
300433,蓝思科技,14:11:00,23.71,32485,23.72,卖盘
300433,蓝思科技,14:10:54,23.75,42800,23.72,买盘
300433,蓝思科技,14:10:09,23.77,49500,23.77,卖盘
300433,蓝思科技,14:10:00,23.77,83000,23.81,卖盘
300433,蓝思科技,14:09:39,23.81,22332,23.82,卖盘
300433,蓝思科技,14:09:21,23.85,41200,23.84,买盘
300433,蓝思科技,14:08:36,23.9,35800,23.87,买盘
300433,蓝思科技,14:08:33,23.87,60800,23.88,卖盘
300433,蓝思科技,14:08:27,23.89,28100,23.89,买盘
300433,蓝思科技,14:08:12,23.89,33400,23.9,卖盘
300433,蓝思科技,14:08:03,23.9,32300,23.91,卖盘
300433,蓝思科技,14:08:00,23.91,26500,23.91,卖盘
300433,蓝思科技,14:07:06,23.94,53500,23.93,买盘
300433,蓝思科技,14:06:42,23.92,40000,23.94,卖盘
300433,蓝思科技,14:06:06,23.95,61563,23.93,买盘
300433,蓝思科技,14:05:42,23.95,25100,23.95,卖盘
300433,蓝思科技,14:05:21,23.94,36400,23.94,卖盘
300433,蓝思科技,14:05:18,23.94,59737,23.95,中性盘
300433,蓝思科技,14:05:03,23.93,23900,23.93,卖盘
300433,蓝思科技,14:04:57,23.93,23800,23.92,买盘
300433,蓝思科技,14:04:54,23.92,22300,23.92,卖盘
300433,蓝思科技,14:04:48,23.92,72700,23.93,卖盘
300433,蓝思科技,14:04:39,23.93,26500,23.92,买盘
300433,蓝思科技,14:04:30,23.92,168800,23.92,买盘
300433,蓝思科技,14:04:27,23.92,39900,23.92,买盘
300433,蓝思科技,14:04:21,23.91,30289,23.88,买盘
300433,蓝思科技,14:04:12,23.89,47300,23.89,卖盘
300433,蓝思科技,14:04:03,23.89,21000,23.89,买盘
300433,蓝思科技,14:04:00,23.89,28200,23.88,买盘
300433,蓝思科技,14:03:48,23.88,30300,23.88,卖盘
300433,蓝思科技,14:03:45,23.88,37800,23.87,买盘
300433,蓝思科技,14:03:42,23.87,34900,23.87,买盘
300433,蓝思科技,14:03:03,23.84,44900,23.82,买盘
300433,蓝思科技,14:03:00,23.82,78300,23.82,买盘
300433,蓝思科技,14:02:57,23.82,35200,23.81,买盘
300433,蓝思科技,14:02:54,23.81,39325,23.8,买盘
300433,蓝思科技,14:02:30,23.78,30100,23.78,卖盘
300433,蓝思科技,14:02:06,23.8,31100,23.78,买盘
300433,蓝思科技,14:02:00,23.8,43600,23.79,买盘
300433,蓝思科技,14:01:54,23.78,29300,23.8,卖盘
300433,蓝思科技,14:01:51,23.8,21635,23.79,买盘
300433,蓝思科技,14:01:12,23.8,23743,23.79,买盘
300433,蓝思科技,14:01:06,23.79,35512,23.78,中性盘
300433,蓝思科技,14:00:24,23.81,47100,23.81,卖盘
300433,蓝思科技,14:00:21,23.81,27500,23.81,卖盘
300433,蓝思科技,14:00:18,23.81,22500,23.82,卖盘
300433,蓝思科技,14:00:15,23.82,43587,23.81,买盘
300433,蓝思科技,13:59:57,23.84,21400,23.85,卖盘
300433,蓝思科技,13:59:51,23.86,45149,23.86,卖盘
300433,蓝思科技,13:59:48,23.86,40400,23.85,买盘
300433,蓝思科技,13:59:39,23.86,56700,23.86,卖盘
300433,蓝思科技,13:59:30,23.86,22000,23.87,卖盘
300433,蓝思科技,13:59:27,23.87,57400,23.86,中性盘
300433,蓝思科技,13:59:24,23.86,46700,23.86,卖盘
300433,蓝思科技,13:59:00,23.87,23500,23.86,买盘
300433,蓝思科技,13:58:51,23.86,85900,23.84,买盘
300433,蓝思科技,13:58:33,23.82,53700,23.81,买盘
300433,蓝思科技,13:58:30,23.81,191356,23.79,买盘
300433,蓝思科技,13:58:18,23.78,38200,23.77,买盘
300433,蓝思科技,13:58:12,23.77,42400,23.77,买盘
300433,蓝思科技,13:57:57,23.75,217100,23.75,买盘
300433,蓝思科技,13:57:51,23.76,102400,23.74,买盘
300433,蓝思科技,13:57:48,23.74,42800,23.73,买盘
300433,蓝思科技,13:56:48,23.74,58000,23.73,买盘
300433,蓝思科技,13:56:24,23.71,54200,23.71,卖盘
300433,蓝思科技,13:56:15,23.72,48887,23.71,买盘
300433,蓝思科技,13:56:09,23.71,25100,23.7,买盘
300433,蓝思科技,13:55:24,23.71,50600,23.7,买盘
300433,蓝思科技,13:54:54,23.69,35500,23.68,买盘
300433,蓝思科技,13:54:09,23.65,180750,23.7,卖盘
300433,蓝思科技,13:53:18,23.7,28000,23.7,买盘
300433,蓝思科技,13:52:06,23.7,21100,23.7,卖盘
300433,蓝思科技,13:51:12,23.69,22200,23.68,买盘
300433,蓝思科技,13:50:54,23.69,30000,23.68,买盘
300433,蓝思科技,13:50:03,23.69,44200,23.69,买盘
300433,蓝思科技,13:50:00,23.69,21700,23.69,卖盘
300433,蓝思科技,13:49:54,23.69,64300,23.69,卖盘
300433,蓝思科技,13:49:12,23.7,47400,23.71,卖盘
300433,蓝思科技,13:48:57,23.71,31500,23.71,卖盘
300433,蓝思科技,13:48:51,23.71,21700,23.71,卖盘
300433,蓝思科技,13:48:39,23.7,45000,23.7,卖盘
300433,蓝思科技,13:48:27,23.7,52500,23.72,卖盘
300433,蓝思科技,13:48:06,23.72,60100,23.74,卖盘
300433,蓝思科技,13:47:42,23.74,31000,23.71,买盘
300433,蓝思科技,13:47:33,23.7,36900,23.71,卖盘
300433,蓝思科技,13:47:24,23.71,75100,23.71,买盘
300433,蓝思科技,13:46:39,23.73,35400,23.73,买盘
300433,蓝思科技,13:45:54,23.72,21400,23.72,买盘
300433,蓝思科技,13:45:51,23.72,56572,23.72,卖盘
300433,蓝思科技,13:45:48,23.72,23700,23.73,卖盘
300433,蓝思科技,13:45:45,23.73,22828,23.72,买盘
300433,蓝思科技,13:45:42,23.72,33400,23.71,买盘
300433,蓝思科技,13:45:36,23.71,37300,23.7,买盘
300433,蓝思科技,13:45:03,23.71,33700,23.72,中性盘
300433,蓝思科技,13:45:00,23.72,39700,23.7,买盘
300433,蓝思科技,13:44:45,23.72,34961,23.72,卖盘
300433,蓝思科技,13:44:15,23.69,49451,23.7,卖盘
300433,蓝思科技,13:44:03,23.7,36060,23.7,卖盘
300433,蓝思科技,13:43:45,23.73,36160,23.75,卖盘
300433,蓝思科技,13:43:42,23.75,24100,23.73,买盘
300433,蓝思科技,13:43:18,23.75,22404,23.75,卖盘
300433,蓝思科技,13:43:12,23.76,54700,23.75,买盘
300433,蓝思科技,13:42:21,23.75,38748,23.73,买盘
300433,蓝思科技,13:42:15,23.74,25600,23.74,卖盘
300433,蓝思科技,13:42:03,23.73,33200,23.74,卖盘
300433,蓝思科技,13:41:45,23.74,25500,23.74,买盘
300433,蓝思科技,13:41:42,23.74,24652,23.74,卖盘
300433,蓝思科技,13:41:36,23.75,27100,23.75,买盘
300433,蓝思科技,13:41:30,23.72,37800,23.74,卖盘
300433,蓝思科技,13:41:27,23.74,26300,23.74,买盘
300433,蓝思科技,13:41:24,23.74,50200,23.73,买盘
300433,蓝思科技,13:41:21,23.73,184600,23.73,买盘
300433,蓝思科技,13:41:18,23.73,32900,23.73,买盘
300433,蓝思科技,13:41:15,23.73,28300,23.71,买盘
300433,蓝思科技,13:41:12,23.71,22000,23.72,卖盘
300433,蓝思科技,13:40:42,23.7,25200,23.7,卖盘
300433,蓝思科技,13:40:36,23.73,24100,23.71,买盘
300433,蓝思科技,13:40:33,23.71,27400,23.71,卖盘
300433,蓝思科技,13:40:27,23.73,22800,23.74,卖盘
300433,蓝思科技,13:39:57,23.74,27100,23.73,买盘
300433,蓝思科技,13:39:33,23.71,82750,23.68,买盘
300433,蓝思科技,13:39:09,23.72,23500,23.69,买盘
300433,蓝思科技,13:39:06,23.69,27700,23.7,卖盘
300433,蓝思科技,13:38:51,23.72,30000,23.69,买盘
300433,蓝思科技,13:38:39,23.71,21500,23.69,买盘
300433,蓝思科技,13:38:15,23.72,48100,23.7,买盘
300433,蓝思科技,13:38:12,23.7,32300,23.7,卖盘
300433,蓝思科技,13:38:06,23.72,24000,23.73,卖盘
300433,蓝思科技,13:37:48,23.75,52600,23.72,中性盘
300433,蓝思科技,13:37:36,23.72,45600,23.75,卖盘
300433,蓝思科技,13:37:18,23.71,89571,23.7,买盘
300433,蓝思科技,13:37:15,23.7,27100,23.67,买盘
300433,蓝思科技,13:37:03,23.68,36471,23.66,买盘
300433,蓝思科技,13:37:00,23.66,35400,23.66,买盘
300433,蓝思科技,13:36:30,23.67,21400,23.67,买盘
300433,蓝思科技,13:36:12,23.68,27100,23.68,卖盘
300433,蓝思科技,13:36:00,23.7,63500,23.7,卖盘
300433,蓝思科技,13:35:57,23.7,42900,23.71,卖盘
300433,蓝思科技,13:35:48,23.7,38650,23.75,卖盘
300433,蓝思科技,13:35:45,23.75,100300,23.74,买盘
300433,蓝思科技,13:35:30,23.77,34500,23.76,买盘
300433,蓝思科技,13:35:21,23.76,32100,23.76,卖盘
300433,蓝思科技,13:35:15,23.76,31800,23.76,卖盘
300433,蓝思科技,13:34:39,23.67,23600,23.68,卖盘
300433,蓝思科技,13:34:27,23.71,32600,23.67,买盘
300433,蓝思科技,13:34:15,23.67,37900,23.67,卖盘
300433,蓝思科技,13:33:54,23.7,70300,23.71,卖盘
300433,蓝思科技,13:33:51,23.71,94600,23.72,卖盘
300433,蓝思科技,13:33:48,23.72,121100,23.71,买盘
300433,蓝思科技,13:33:45,23.71,42700,23.72,卖盘
300433,蓝思科技,13:33:36,23.75,35700,23.75,买盘
300433,蓝思科技,13:33:30,23.75,79450,23.77,卖盘
300433,蓝思科技,13:32:42,23.67,35500,23.67,买盘
300433,蓝思科技,13:32:27,23.66,42000,23.68,卖盘
300433,蓝思科技,13:32:15,23.7,33900,23.71,卖盘
300433,蓝思科技,13:32:06,23.75,24200,23.74,中性盘
300433,蓝思科技,13:31:33,23.79,29500,23.8,卖盘
300433,蓝思科技,13:31:00,23.79,34200,23.79,买盘
300433,蓝思科技,13:30:54,23.8,46700,23.77,买盘
300433,蓝思科技,13:30:36,23.81,25200,23.83,买盘
300433,蓝思科技,13:30:33,23.83,55500,23.8,买盘
300433,蓝思科技,13:30:27,23.84,46800,23.83,买盘
300433,蓝思科技,13:30:15,23.85,21000,23.86,卖盘
300433,蓝思科技,13:30:09,23.89,24300,23.89,买盘
300433,蓝思科技,13:30:03,23.9,21500,23.9,买盘
300433,蓝思科技,13:30:00,23.9,39300,23.89,买盘
300433,蓝思科技,13:29:57,23.89,32500,23.89,卖盘
300433,蓝思科技,13:29:42,23.91,40137,23.9,买盘
300433,蓝思科技,13:29:36,23.9,24463,23.88,买盘
300433,蓝思科技,13:28:54,23.87,23200,23.88,卖盘
300433,蓝思科技,13:28:51,23.88,24800,23.88,买盘
300433,蓝思科技,13:28:48,23.88,33100,23.88,卖盘
300433,蓝思科技,13:28:33,23.88,32100,23.88,卖盘
300433,蓝思科技,13:28:06,23.9,33787,23.9,卖盘
300433,蓝思科技,13:27:57,23.9,53500,23.92,卖盘
300433,蓝思科技,13:27:51,23.95,71500,23.9,买盘
300433,蓝思科技,13:27:48,23.9,37300,23.92,卖盘
300433,蓝思科技,13:27:36,23.92,32800,23.91,买盘
300433,蓝思科技,13:27:24,23.91,280800,23.88,买盘
300433,蓝思科技,13:27:21,23.88,31400,23.9,卖盘
300433,蓝思科技,13:27:12,23.9,29700,23.87,买盘
300433,蓝思科技,13:27:09,23.87,30800,23.9,卖盘
300433,蓝思科技,13:27:03,23.93,43100,23.94,卖盘
300433,蓝思科技,13:27:00,23.94,85700,23.94,卖盘
300433,蓝思科技,13:26:57,23.94,29900,23.95,卖盘
300433,蓝思科技,13:26:54,23.95,37700,23.94,买盘
300433,蓝思科技,13:26:51,23.94,32300,23.96,卖盘
300433,蓝思科技,13:26:48,23.96,28000,23.96,买盘
300433,蓝思科技,13:26:45,23.96,29200,23.94,买盘
300433,蓝思科技,13:26:42,23.94,82800,23.95,卖盘
300433,蓝思科技,13:26:39,23.95,253900,23.96,买盘
300433,蓝思科技,13:26:36,23.96,116800,23.93,买盘
300433,蓝思科技,13:26:33,23.93,59200,23.92,买盘
300433,蓝思科技,13:26:30,23.92,73000,23.92,卖盘
300433,蓝思科技,13:26:27,23.92,404287,23.86,买盘
300433,蓝思科技,13:26:24,23.86,36600,23.84,中性盘
300433,蓝思科技,13:26:18,23.81,476200,23.82,卖盘
300433,蓝思科技,13:26:12,23.8,144010,23.8,卖盘
300433,蓝思科技,13:26:09,23.8,322161,23.79,买盘
300433,蓝思科技,13:26:06,23.79,25700,23.8,中性盘
300433,蓝思科技,13:26:03,23.8,138300,23.72,买盘
300433,蓝思科技,13:25:57,23.74,123600,23.73,中性盘
300433,蓝思科技,13:25:54,23.73,83600,23.72,买盘
300433,蓝思科技,13:25:51,23.72,49300,23.7,买盘
300433,蓝思科技,13:25:48,23.7,31900,23.7,卖盘
300433,蓝思科技,13:25:45,23.7,61100,23.69,买盘
300433,蓝思科技,13:25:39,23.68,58200,23.69,卖盘
300433,蓝思科技,13:25:36,23.69,33000,23.69,买盘
300433,蓝思科技,13:25:33,23.69,35800,23.67,买盘
300433,蓝思科技,13:25:30,23.67,115800,23.64,买盘
300433,蓝思科技,13:25:00,23.65,23500,23.66,卖盘
300433,蓝思科技,13:24:54,23.63,23700,23.63,卖盘
300433,蓝思科技,13:24:51,23.63,41300,23.63,买盘
300433,蓝思科技,13:24:48,23.63,34500,23.65,卖盘
300433,蓝思科技,13:24:45,23.65,68500,23.65,卖盘
300433,蓝思科技,13:24:42,23.65,101600,23.63,买盘
300433,蓝思科技,13:24:36,23.64,51100,23.62,买盘
300433,蓝思科技,13:24:15,23.65,26800,23.66,卖盘
300433,蓝思科技,13:24:09,23.65,50100,23.66,卖盘
300433,蓝思科技,13:24:03,23.66,26200,23.65,买盘
300433,蓝思科技,13:23:18,23.68,54800,23.7,卖盘
300433,蓝思科技,13:23:03,23.69,55100,23.67,买盘
300433,蓝思科技,13:22:51,23.69,68500,23.69,买盘
300433,蓝思科技,13:22:45,23.7,42150,23.7,卖盘
300433,蓝思科技,13:22:36,23.7,24800,23.68,买盘
300433,蓝思科技,13:22:15,23.68,55300,23.68,卖盘
300433,蓝思科技,13:21:42,23.7,34100,23.69,买盘
300433,蓝思科技,13:21:18,23.71,30000,23.7,买盘
300433,蓝思科技,13:20:57,23.7,32900,23.7,卖盘
300433,蓝思科技,13:20:54,23.7,44600,23.69,买盘
300433,蓝思科技,13:20:48,23.68,72200,23.68,卖盘
300433,蓝思科技,13:20:45,23.68,23600,23.69,卖盘
300433,蓝思科技,13:20:36,23.69,40800,23.71,卖盘
300433,蓝思科技,13:20:27,23.68,53300,23.68,卖盘
300433,蓝思科技,13:20:21,23.7,60600,23.68,买盘
300433,蓝思科技,13:20:18,23.68,24600,23.68,买盘
300433,蓝思科技,13:20:12,23.69,82400,23.69,买盘
300433,蓝思科技,13:20:09,23.69,34200,23.7,买盘
300433,蓝思科技,13:20:06,23.7,155700,23.65,买盘
300433,蓝思科技,13:19:54,23.65,25300,23.64,买盘
300433,蓝思科技,13:19:48,23.63,27700,23.63,卖盘
300433,蓝思科技,13:19:36,23.63,21900,23.63,卖盘
300433,蓝思科技,13:18:54,23.61,34390,23.6,买盘
300433,蓝思科技,13:18:27,23.59,22360,23.59,买盘
300433,蓝思科技,13:18:09,23.59,36040,23.61,卖盘
300433,蓝思科技,13:18:03,23.61,22400,23.62,卖盘
300433,蓝思科技,13:17:51,23.61,22700,23.6,买盘
300433,蓝思科技,13:17:39,23.6,22100,23.58,买盘
300433,蓝思科技,13:16:39,23.61,39300,23.58,买盘
300433,蓝思科技,13:16:09,23.6,40550,23.57,买盘
300433,蓝思科技,13:15:45,23.55,32700,23.55,买盘
300433,蓝思科技,13:15:12,23.52,43700,23.52,卖盘
300433,蓝思科技,13:15:06,23.52,28800,23.54,卖盘
300433,蓝思科技,13:15:03,23.54,33800,23.54,卖盘
300433,蓝思科技,13:14:54,23.54,25500,23.56,卖盘
300433,蓝思科技,13:14:45,23.56,47900,23.55,买盘
300433,蓝思科技,13:14:09,23.55,30200,23.57,卖盘
300433,蓝思科技,13:13:27,23.53,29400,23.53,买盘
300433,蓝思科技,13:12:51,23.53,27700,23.51,买盘
300433,蓝思科技,13:12:48,23.51,39800,23.53,卖盘
300433,蓝思科技,13:12:33,23.54,26200,23.54,卖盘
300433,蓝思科技,13:12:03,23.54,23500,23.55,卖盘
300433,蓝思科技,13:11:54,23.57,29900,23.59,卖盘
300433,蓝思科技,13:11:51,23.59,23300,23.65,卖盘
300433,蓝思科技,13:11:45,23.62,36000,23.63,卖盘
300433,蓝思科技,13:11:39,23.63,70000,23.62,买盘
300433,蓝思科技,13:11:36,23.62,30500,23.6,买盘
300433,蓝思科技,13:11:33,23.6,21400,23.6,买盘
300433,蓝思科技,13:11:09,23.6,26600,23.57,买盘
300433,蓝思科技,13:11:03,23.6,22400,23.57,买盘
300433,蓝思科技,13:10:57,23.6,28600,23.61,买盘
300433,蓝思科技,13:10:51,23.6,32200,23.61,卖盘
300433,蓝思科技,13:10:45,23.62,35300,23.62,买盘
300433,蓝思科技,13:10:24,23.65,36000,23.65,卖盘
300433,蓝思科技,13:10:21,23.65,44000,23.67,卖盘
300433,蓝思科技,13:10:06,23.71,90710,23.75,卖盘
300433,蓝思科技,13:10:00,23.76,37900,23.75,买盘
300433,蓝思科技,13:09:54,23.75,21300,23.75,卖盘
300433,蓝思科技,13:09:33,23.79,31200,23.79,买盘
300433,蓝思科技,13:09:30,23.79,43900,23.78,买盘
300433,蓝思科技,13:09:21,23.75,43300,23.78,卖盘
300433,蓝思科技,13:09:12,23.8,145490,23.75,买盘
300433,蓝思科技,13:09:06,23.78,25200,23.75,买盘
300433,蓝思科技,13:09:03,23.75,45700,23.73,买盘
300433,蓝思科技,13:08:54,23.69,358000,23.69,卖盘
300433,蓝思科技,13:08:45,23.71,58000,23.7,买盘
300433,蓝思科技,13:08:36,23.72,56600,23.72,买盘
300433,蓝思科技,13:08:27,23.72,26850,23.71,买盘
300433,蓝思科技,13:08:24,23.71,158351,23.68,买盘
300433,蓝思科技,13:08:21,23.68,68615,23.68,买盘
300433,蓝思科技,13:07:57,23.64,32000,23.62,买盘
300433,蓝思科技,13:07:45,23.62,50200,23.61,买盘
300433,蓝思科技,13:07:42,23.61,24900,23.61,买盘
300433,蓝思科技,13:07:36,23.6,179185,23.55,买盘
300433,蓝思科技,13:07:12,23.56,28900,23.55,买盘
300433,蓝思科技,13:07:06,23.56,25200,23.52,买盘
300433,蓝思科技,13:06:54,23.55,72900,23.51,买盘
300433,蓝思科技,13:06:42,23.52,29400,23.52,卖盘
300433,蓝思科技,13:06:12,23.54,22700,23.53,买盘
300433,蓝思科技,13:05:03,23.5,55128,23.49,买盘
300433,蓝思科技,13:04:36,23.5,26700,23.51,卖盘
300433,蓝思科技,13:04:24,23.5,23028,23.51,卖盘
300433,蓝思科技,13:04:09,23.5,32800,23.51,中性盘
300433,蓝思科技,13:04:06,23.51,53400,23.48,买盘
300433,蓝思科技,13:03:57,23.49,27200,23.49,买盘
300433,蓝思科技,13:03:45,23.5,34800,23.49,买盘
300433,蓝思科技,13:03:33,23.5,43700,23.5,卖盘
300433,蓝思科技,13:03:24,23.49,46400,23.5,卖盘
300433,蓝思科技,13:03:15,23.54,28000,23.53,买盘
300433,蓝思科技,13:03:12,23.53,40900,23.52,买盘
300433,蓝思科技,13:03:06,23.51,51201,23.5,买盘
300433,蓝思科技,13:03:03,23.5,118799,23.49,买盘
300433,蓝思科技,13:02:00,23.44,21400,23.42,买盘
300433,蓝思科技,13:01:42,23.38,26900,23.46,卖盘
300433,蓝思科技,13:01:39,23.46,24900,23.45,买盘
300433,蓝思科技,13:01:27,23.39,29825,23.46,卖盘
300433,蓝思科技,13:01:24,23.46,47775,23.39,买盘
300433,蓝思科技,13:01:09,23.41,53161,23.35,买盘
300433,蓝思科技,13:01:00,23.38,27400,23.39,卖盘
300433,蓝思科技,13:00:48,23.4,57750,23.4,卖盘
300433,蓝思科技,13:00:12,23.3,22837,23.3,买盘
300433,蓝思科技,13:00:09,23.3,41100,23.3,买盘
300433,蓝思科技,13:00:06,23.3,63900,23.29,买盘
300433,蓝思科技,13:00:03,23.29,89000,23.29,买盘
300433,蓝思科技,11:29:27,23.27,61200,23.3,买盘
300433,蓝思科技,11:29:24,23.3,55700,23.27,买盘
300433,蓝思科技,11:28:54,23.25,22700,23.28,卖盘
300433,蓝思科技,11:27:39,23.24,25900,23.21,买盘
300433,蓝思科技,11:26:57,23.25,122000,23.21,买盘
300433,蓝思科技,11:26:42,23.19,24900,23.17,买盘
300433,蓝思科技,11:26:30,23.16,24600,23.15,买盘
300433,蓝思科技,11:26:27,23.15,35400,23.17,卖盘
300433,蓝思科技,11:26:03,23.21,105100,23.21,卖盘
300433,蓝思科技,11:26:00,23.21,21600,23.21,卖盘
300433,蓝思科技,11:25:45,23.21,75700,23.24,卖盘
300433,蓝思科技,11:25:42,23.24,48800,23.23,中性盘
300433,蓝思科技,11:25:39,23.23,55100,23.25,卖盘
300433,蓝思科技,11:25:33,23.24,52900,23.25,卖盘
300433,蓝思科技,11:25:27,23.25,25400,23.26,卖盘
300433,蓝思科技,11:25:09,23.27,40500,23.28,卖盘
300433,蓝思科技,11:25:03,23.27,45400,23.28,卖盘
300433,蓝思科技,11:24:51,23.28,28923,23.28,卖盘
300433,蓝思科技,11:24:42,23.29,50200,23.31,卖盘
300433,蓝思科技,11:24:12,23.31,22200,23.31,卖盘
300433,蓝思科技,11:24:00,23.32,26700,23.32,卖盘
300433,蓝思科技,11:23:27,23.31,43200,23.35,卖盘
300433,蓝思科技,11:22:57,23.37,25700,23.35,买盘
300433,蓝思科技,11:21:48,23.33,23800,23.34,卖盘
300433,蓝思科技,11:20:54,23.34,48700,23.34,卖盘
300433,蓝思科技,11:20:24,23.33,32300,23.35,卖盘
300433,蓝思科技,11:20:15,23.36,26900,23.35,买盘
300433,蓝思科技,11:20:12,23.35,33800,23.35,卖盘
300433,蓝思科技,11:20:06,23.36,35700,23.4,卖盘
300433,蓝思科技,11:19:27,23.38,46000,23.37,买盘
300433,蓝思科技,11:19:09,23.39,30300,23.38,买盘
300433,蓝思科技,11:18:45,23.36,27800,23.39,卖盘
300433,蓝思科技,11:18:39,23.35,25800,23.35,买盘
300433,蓝思科技,11:18:18,23.34,28200,23.34,买盘
300433,蓝思科技,11:18:06,23.37,25453,23.35,买盘
300433,蓝思科技,11:17:45,23.35,21800,23.37,卖盘
300433,蓝思科技,11:17:15,23.42,87900,23.42,卖盘
300433,蓝思科技,11:17:12,23.42,27100,23.42,卖盘
300433,蓝思科技,11:16:48,23.42,42200,23.4,买盘
300433,蓝思科技,11:16:36,23.43,24300,23.46,卖盘
300433,蓝思科技,11:16:06,23.47,79400,23.51,卖盘
300433,蓝思科技,11:15:30,23.51,35000,23.51,买盘
300433,蓝思科技,11:15:09,23.51,52200,23.49,买盘
300433,蓝思科技,11:14:54,23.49,26600,23.5,中性盘
300433,蓝思科技,11:14:15,23.47,27200,23.48,卖盘
300433,蓝思科技,11:13:57,23.47,28400,23.47,中性盘
300433,蓝思科技,11:13:21,23.4,63400,23.4,买盘
300433,蓝思科技,11:12:24,23.38,107200,23.38,卖盘
300433,蓝思科技,11:12:09,23.35,32900,23.35,买盘
300433,蓝思科技,11:11:45,23.33,49000,23.35,卖盘
300433,蓝思科技,11:11:27,23.35,31300,23.37,卖盘
300433,蓝思科技,11:11:18,23.39,61500,23.38,中性盘
300433,蓝思科技,11:10:57,23.38,31500,23.38,卖盘
300433,蓝思科技,11:10:48,23.4,38750,23.39,买盘
300433,蓝思科技,11:10:27,23.35,52800,23.35,买盘
300433,蓝思科技,11:10:00,23.3,22200,23.3,卖盘
300433,蓝思科技,11:09:21,23.29,37400,23.29,买盘
300433,蓝思科技,11:09:12,23.29,25500,23.3,卖盘
300433,蓝思科技,11:09:06,23.3,26900,23.33,卖盘
300433,蓝思科技,11:08:45,23.3,114600,23.33,卖盘
300433,蓝思科技,11:08:36,23.33,56200,23.34,卖盘
300433,蓝思科技,11:08:27,23.36,112800,23.36,买盘
300433,蓝思科技,11:08:15,23.33,34680,23.35,卖盘
300433,蓝思科技,11:08:00,23.35,46200,23.33,买盘
300433,蓝思科技,11:07:51,23.33,35300,23.39,卖盘
300433,蓝思科技,11:07:48,23.39,24900,23.34,买盘
300433,蓝思科技,11:07:39,23.34,21500,23.34,买盘
300433,蓝思科技,11:07:27,23.35,21600,23.36,卖盘
300433,蓝思科技,11:07:00,23.34,30300,23.35,卖盘
300433,蓝思科技,11:06:42,23.36,29000,23.33,买盘
300433,蓝思科技,11:06:24,23.31,38400,23.31,买盘
300433,蓝思科技,11:06:15,23.33,26700,23.31,买盘
300433,蓝思科技,11:06:03,23.28,47200,23.3,卖盘
300433,蓝思科技,11:05:48,23.3,79900,23.33,卖盘
300433,蓝思科技,11:05:36,23.31,38100,23.35,卖盘
300433,蓝思科技,11:05:24,23.32,53500,23.33,卖盘
300433,蓝思科技,11:05:21,23.33,111700,23.36,卖盘
300433,蓝思科技,11:05:18,23.36,29800,23.4,卖盘
300433,蓝思科技,11:05:06,23.4,89672,23.44,卖盘
300433,蓝思科技,11:04:42,23.47,54700,23.46,买盘
300433,蓝思科技,11:04:15,23.47,40900,23.46,买盘
300433,蓝思科技,11:03:30,23.47,42050,23.47,卖盘
300433,蓝思科技,11:03:18,23.47,31300,23.49,卖盘
300433,蓝思科技,11:02:39,23.51,61800,23.5,买盘
300433,蓝思科技,11:02:36,23.5,46000,23.51,卖盘
300433,蓝思科技,11:02:12,23.6,43600,23.49,买盘
300433,蓝思科技,11:02:00,23.58,25000,23.6,卖盘
300433,蓝思科技,11:01:57,23.6,25400,23.48,买盘
300433,蓝思科技,11:01:48,23.6,52400,23.46,买盘
300433,蓝思科技,11:01:36,23.5,36400,23.51,卖盘
300433,蓝思科技,11:01:33,23.51,62500,23.51,卖盘
300433,蓝思科技,11:01:18,23.54,23200,23.56,卖盘
300433,蓝思科技,11:01:12,23.56,64400,23.59,卖盘
300433,蓝思科技,11:01:09,23.59,25200,23.59,中性盘
300433,蓝思科技,11:00:18,23.56,22500,23.57,卖盘
300433,蓝思科技,10:59:21,23.55,45100,23.56,卖盘
300433,蓝思科技,10:59:18,23.56,34600,23.56,买盘
300433,蓝思科技,10:59:09,23.56,26700,23.55,买盘
300433,蓝思科技,10:58:36,23.56,26600,23.56,卖盘
300433,蓝思科技,10:58:24,23.56,29800,23.57,卖盘
300433,蓝思科技,10:58:15,23.57,33600,23.57,卖盘
300433,蓝思科技,10:58:09,23.58,57900,23.58,卖盘
300433,蓝思科技,10:57:57,23.62,27800,23.63,卖盘
300433,蓝思科技,10:57:54,23.63,43300,23.63,卖盘
300433,蓝思科技,10:57:15,23.62,23700,23.6,买盘
300433,蓝思科技,10:56:57,23.6,25000,23.6,卖盘
300433,蓝思科技,10:56:54,23.6,33100,23.6,买盘
300433,蓝思科技,10:56:36,23.6,34600,23.61,卖盘
300433,蓝思科技,10:55:33,23.61,43200,23.59,买盘
300433,蓝思科技,10:55:12,23.58,32800,23.58,买盘
300433,蓝思科技,10:54:45,23.6,22200,23.59,买盘
300433,蓝思科技,10:54:33,23.6,31900,23.6,买盘
300433,蓝思科技,10:54:12,23.63,87200,23.6,买盘
300433,蓝思科技,10:54:09,23.6,35500,23.6,买盘
300433,蓝思科技,10:54:06,23.6,37100,23.6,卖盘
300433,蓝思科技,10:54:03,23.6,75600,23.62,卖盘
300433,蓝思科技,10:53:48,23.62,28400,23.68,卖盘
300433,蓝思科技,10:53:30,23.6,21900,23.68,卖盘
300433,蓝思科技,10:53:27,23.68,27500,23.68,买盘
300433,蓝思科技,10:53:24,23.68,28600,23.68,卖盘
300433,蓝思科技,10:53:18,23.6,51500,23.63,卖盘
300433,蓝思科技,10:53:12,23.7,56600,23.64,买盘
300433,蓝思科技,10:52:57,23.7,45500,23.64,买盘
300433,蓝思科技,10:52:39,23.68,22800,23.68,买盘
300433,蓝思科技,10:52:27,23.7,65300,23.72,中性盘
300433,蓝思科技,10:52:09,23.78,76500,23.76,买盘
300433,蓝思科技,10:52:06,23.76,54200,23.79,卖盘
300433,蓝思科技,10:52:03,23.79,98600,23.8,卖盘
300433,蓝思科技,10:52:00,23.8,29700,23.82,卖盘
300433,蓝思科技,10:51:57,23.82,27600,23.8,中性盘
300433,蓝思科技,10:51:54,23.8,84700,23.8,买盘
300433,蓝思科技,10:51:48,23.8,101100,23.79,买盘
300433,蓝思科技,10:51:45,23.79,42200,23.79,卖盘
300433,蓝思科技,10:51:42,23.79,51200,23.8,中性盘
300433,蓝思科技,10:51:36,23.79,221500,23.75,买盘
300433,蓝思科技,10:51:33,23.75,40400,23.71,买盘
300433,蓝思科技,10:51:30,23.71,397558,23.68,买盘
300433,蓝思科技,10:51:27,23.68,78940,23.66,买盘
300433,蓝思科技,10:51:24,23.66,65800,23.66,买盘
300433,蓝思科技,10:51:21,23.66,81700,23.65,买盘
300433,蓝思科技,10:51:18,23.65,98800,23.63,买盘
300433,蓝思科技,10:51:15,23.63,22800,23.62,买盘
300433,蓝思科技,10:51:12,23.62,94999,23.61,买盘
300433,蓝思科技,10:51:06,23.61,48200,23.59,买盘
300433,蓝思科技,10:50:51,23.59,83200,23.58,买盘
300433,蓝思科技,10:50:45,23.58,22300,23.58,卖盘
300433,蓝思科技,10:50:36,23.58,25900,23.57,买盘
300433,蓝思科技,10:50:33,23.57,99100,23.58,卖盘
300433,蓝思科技,10:50:18,23.59,50600,23.56,买盘
300433,蓝思科技,10:49:36,23.61,24600,23.63,卖盘
300433,蓝思科技,10:49:30,23.62,69800,23.62,卖盘
300433,蓝思科技,10:48:54,23.65,54500,23.62,买盘
300433,蓝思科技,10:48:48,23.64,40600,23.63,中性盘
300433,蓝思科技,10:48:42,23.62,40900,23.65,卖盘
300433,蓝思科技,10:48:33,23.65,105700,23.62,买盘
300433,蓝思科技,10:48:30,23.62,94300,23.61,中性盘
300433,蓝思科技,10:48:27,23.61,127125,23.57,买盘
300433,蓝思科技,10:48:24,23.57,345400,23.57,卖盘
300433,蓝思科技,10:48:21,23.57,55200,23.57,卖盘
300433,蓝思科技,10:48:15,23.57,27100,23.55,买盘
300433,蓝思科技,10:48:12,23.55,30227,23.55,买盘
300433,蓝思科技,10:48:06,23.53,33119,23.49,买盘
300433,蓝思科技,10:48:03,23.49,24100,23.5,卖盘
300433,蓝思科技,10:48:00,23.5,110700,23.5,买盘
300433,蓝思科技,10:47:57,23.5,21800,23.5,买盘
300433,蓝思科技,10:47:48,23.5,31000,23.49,买盘
300433,蓝思科技,10:47:45,23.49,41500,23.49,买盘
300433,蓝思科技,10:47:39,23.48,37500,23.49,卖盘
300433,蓝思科技,10:47:27,23.5,93100,23.46,买盘
300433,蓝思科技,10:47:21,23.5,23100,23.5,买盘
300433,蓝思科技,10:47:12,23.49,81400,23.45,买盘
300433,蓝思科技,10:47:06,23.46,22560,23.46,买盘
300433,蓝思科技,10:47:00,23.45,32683,23.45,买盘
300433,蓝思科技,10:46:57,23.45,25900,23.44,买盘
300433,蓝思科技,10:46:00,23.43,24700,23.43,卖盘
300433,蓝思科技,10:45:39,23.41,23550,23.4,买盘
300433,蓝思科技,10:45:36,23.4,34857,23.42,卖盘
300433,蓝思科技,10:45:18,23.39,115200,23.38,买盘
300433,蓝思科技,10:45:15,23.38,23069,23.37,买盘
300433,蓝思科技,10:45:00,23.36,30530,23.36,卖盘
300433,蓝思科技,10:44:54,23.36,42745,23.35,买盘
300433,蓝思科技,10:44:39,23.33,48178,23.37,卖盘
300433,蓝思科技,10:44:36,23.37,23881,23.33,买盘
300433,蓝思科技,10:44:30,23.35,27810,23.36,卖盘
300433,蓝思科技,10:43:54,23.4,34463,23.4,买盘
300433,蓝思科技,10:43:36,23.39,30727,23.39,卖盘
300433,蓝思科技,10:43:33,23.39,36200,23.39,买盘
300433,蓝思科技,10:42:39,23.45,21500,23.45,卖盘
300433,蓝思科技,10:42:36,23.45,34100,23.47,卖盘
300433,蓝思科技,10:42:21,23.47,22400,23.44,买盘
300433,蓝思科技,10:41:57,23.45,29300,23.45,卖盘
300433,蓝思科技,10:41:45,23.46,55100,23.45,买盘
300433,蓝思科技,10:41:42,23.45,27500,23.49,卖盘
300433,蓝思科技,10:41:39,23.49,35700,23.5,卖盘
300433,蓝思科技,10:40:45,23.51,33700,23.5,买盘
300433,蓝思科技,10:40:33,23.44,27200,23.44,卖盘
300433,蓝思科技,10:40:30,23.44,38200,23.43,卖盘
300433,蓝思科技,10:40:18,23.43,28800,23.45,卖盘
300433,蓝思科技,10:40:09,23.45,36500,23.47,卖盘
300433,蓝思科技,10:39:33,23.53,56900,23.55,卖盘
300433,蓝思科技,10:39:30,23.55,94000,23.54,买盘
300433,蓝思科技,10:39:15,23.56,73500,23.56,卖盘
300433,蓝思科技,10:38:51,23.58,36887,23.54,买盘
300433,蓝思科技,10:38:36,23.55,35300,23.56,卖盘
300433,蓝思科技,10:38:21,23.51,22500,23.52,卖盘
300433,蓝思科技,10:38:15,23.5,48000,23.5,买盘
300433,蓝思科技,10:37:51,23.46,41400,23.46,买盘
300433,蓝思科技,10:37:39,23.49,57550,23.45,买盘
300433,蓝思科技,10:37:36,23.45,25149,23.44,买盘
300433,蓝思科技,10:36:45,23.37,47000,23.43,卖盘
300433,蓝思科技,10:36:42,23.43,24200,23.38,买盘
300433,蓝思科技,10:36:30,23.38,31600,23.36,买盘
300433,蓝思科技,10:35:54,23.37,71500,23.4,卖盘
300433,蓝思科技,10:35:45,23.39,79300,23.41,卖盘
300433,蓝思科技,10:35:42,23.41,42800,23.41,卖盘
300433,蓝思科技,10:35:39,23.41,82100,23.44,卖盘
300433,蓝思科技,10:35:36,23.44,28700,23.44,买盘
300433,蓝思科技,10:35:30,23.45,31000,23.45,卖盘
300433,蓝思科技,10:35:21,23.45,68100,23.43,买盘
300433,蓝思科技,10:35:12,23.45,44000,23.43,买盘
300433,蓝思科技,10:34:54,23.46,61100,23.46,卖盘
300433,蓝思科技,10:34:51,23.46,21400,23.41,买盘
300433,蓝思科技,10:34:36,23.46,24600,23.47,卖盘
300433,蓝思科技,10:34:03,23.4,30600,23.4,卖盘
300433,蓝思科技,10:33:36,23.46,45300,23.4,买盘
300433,蓝思科技,10:33:27,23.4,71900,23.44,卖盘
300433,蓝思科技,10:33:15,23.42,26100,23.41,买盘
300433,蓝思科技,10:33:12,23.41,29200,23.41,卖盘
300433,蓝思科技,10:33:09,23.41,33100,23.42,买盘
300433,蓝思科技,10:33:06,23.42,25700,23.41,买盘
300433,蓝思科技,10:32:39,23.39,36800,23.42,卖盘
300433,蓝思科技,10:32:30,23.42,41400,23.38,买盘
300433,蓝思科技,10:32:24,23.41,27000,23.37,买盘
300433,蓝思科技,10:32:21,23.37,51000,23.39,卖盘
300433,蓝思科技,10:32:18,23.39,31800,23.38,买盘
300433,蓝思科技,10:31:48,23.41,27000,23.43,卖盘
300433,蓝思科技,10:31:39,23.43,42500,23.43,买盘
300433,蓝思科技,10:31:36,23.43,25600,23.43,买盘
300433,蓝思科技,10:31:27,23.43,23600,23.45,卖盘
300433,蓝思科技,10:31:18,23.46,106000,23.47,中性盘
300433,蓝思科技,10:31:12,23.45,26000,23.48,卖盘
300433,蓝思科技,10:31:06,23.5,39800,23.48,买盘
300433,蓝思科技,10:31:03,23.48,60300,23.48,卖盘
300433,蓝思科技,10:30:54,23.45,37000,23.48,卖盘
300433,蓝思科技,10:30:51,23.48,52700,23.46,买盘
300433,蓝思科技,10:30:48,23.46,55700,23.45,买盘
300433,蓝思科技,10:30:45,23.45,152600,23.4,买盘
300433,蓝思科技,10:30:39,23.4,60600,23.42,卖盘
300433,蓝思科技,10:30:24,23.46,21600,23.49,卖盘
300433,蓝思科技,10:30:18,23.52,72900,23.54,卖盘
300433,蓝思科技,10:30:15,23.54,23500,23.54,买盘
300433,蓝思科技,10:30:12,23.54,25400,23.57,卖盘
300433,蓝思科技,10:30:09,23.57,46400,23.58,卖盘
300433,蓝思科技,10:30:00,23.56,48400,23.62,卖盘
300433,蓝思科技,10:29:57,23.62,124300,23.57,买盘
300433,蓝思科技,10:29:54,23.57,37200,23.57,买盘
300433,蓝思科技,10:29:36,23.58,39500,23.58,卖盘
300433,蓝思科技,10:29:12,23.54,65400,23.53,买盘
300433,蓝思科技,10:29:06,23.52,112600,23.52,买盘
300433,蓝思科技,10:29:03,23.52,89300,23.52,买盘
300433,蓝思科技,10:28:51,23.51,91530,23.5,买盘
300433,蓝思科技,10:28:36,23.51,30200,23.48,买盘
300433,蓝思科技,10:28:33,23.48,33300,23.5,卖盘
300433,蓝思科技,10:28:30,23.5,53100,23.49,买盘
300433,蓝思科技,10:28:18,23.5,30700,23.48,买盘
300433,蓝思科技,10:28:15,23.48,25100,23.47,中性盘
300433,蓝思科技,10:28:12,23.47,32000,23.49,卖盘
300433,蓝思科技,10:28:09,23.49,135100,23.45,买盘
300433,蓝思科技,10:28:06,23.45,122100,23.43,买盘
300433,蓝思科技,10:28:03,23.43,52000,23.43,卖盘
300433,蓝思科技,10:28:00,23.43,25600,23.45,卖盘
300433,蓝思科技,10:27:57,23.45,37800,23.44,买盘
300433,蓝思科技,10:27:51,23.44,63100,23.43,买盘
300433,蓝思科技,10:27:45,23.42,75600,23.4,买盘
300433,蓝思科技,10:27:39,23.4,23800,23.4,买盘
300433,蓝思科技,10:27:30,23.4,23400,23.39,买盘
300433,蓝思科技,10:27:24,23.38,40600,23.37,买盘
300433,蓝思科技,10:27:21,23.37,39100,23.36,买盘
300433,蓝思科技,10:27:18,23.36,39369,23.36,买盘
300433,蓝思科技,10:27:15,23.36,26500,23.35,买盘
300433,蓝思科技,10:26:33,23.35,32700,23.3,买盘
300433,蓝思科技,10:26:30,23.3,22900,23.29,买盘
300433,蓝思科技,10:26:27,23.29,24300,23.31,卖盘
300433,蓝思科技,10:26:09,23.32,27300,23.32,买盘
300433,蓝思科技,10:25:51,23.33,31500,23.35,卖盘
300433,蓝思科技,10:25:48,23.35,66200,23.33,买盘
300433,蓝思科技,10:25:30,23.36,52300,23.33,买盘
300433,蓝思科技,10:25:27,23.33,50500,23.34,卖盘
300433,蓝思科技,10:24:42,23.33,38600,23.32,买盘
300433,蓝思科技,10:24:18,23.3,30200,23.3,买盘
300433,蓝思科技,10:24:12,23.29,24000,23.29,买盘
300433,蓝思科技,10:24:06,23.29,99100,23.28,买盘
300433,蓝思科技,10:23:51,23.31,34200,23.29,买盘
300433,蓝思科技,10:23:36,23.3,51500,23.29,买盘
300433,蓝思科技,10:23:12,23.32,23200,23.3,买盘
300433,蓝思科技,10:23:03,23.31,29400,23.33,卖盘
300433,蓝思科技,10:22:42,23.28,28100,23.29,中性盘
300433,蓝思科技,10:22:24,23.28,22700,23.27,买盘
300433,蓝思科技,10:22:06,23.27,63000,23.27,卖盘
300433,蓝思科技,10:22:00,23.28,30000,23.28,卖盘
300433,蓝思科技,10:21:54,23.3,34580,23.31,卖盘
300433,蓝思科技,10:21:48,23.32,25700,23.32,买盘
300433,蓝思科技,10:21:45,23.32,28400,23.34,卖盘
300433,蓝思科技,10:21:24,23.34,43900,23.32,卖盘
300433,蓝思科技,10:20:09,23.25,28200,23.24,买盘
300433,蓝思科技,10:20:03,23.23,43400,23.24,卖盘
300433,蓝思科技,10:20:00,23.24,35300,23.23,买盘
300433,蓝思科技,10:19:57,23.23,28800,23.24,卖盘
300433,蓝思科技,10:19:42,23.23,36800,23.24,卖盘
300433,蓝思科技,10:19:18,23.25,46800,23.25,买盘
300433,蓝思科技,10:19:15,23.25,41200,23.25,买盘
300433,蓝思科技,10:19:12,23.25,96700,23.24,买盘
300433,蓝思科技,10:19:09,23.24,109700,23.23,买盘
300433,蓝思科技,10:19:06,23.23,74300,23.2,买盘
300433,蓝思科技,10:19:03,23.2,66100,23.22,卖盘
300433,蓝思科技,10:19:00,23.22,128200,23.2,买盘
300433,蓝思科技,10:18:57,23.2,138900,23.18,买盘
300433,蓝思科技,10:18:48,23.17,58500,23.21,卖盘
300433,蓝思科技,10:18:42,23.22,51300,23.21,买盘
300433,蓝思科技,10:18:39,23.21,31300,23.22,中性盘
300433,蓝思科技,10:18:36,23.22,82800,23.24,卖盘
300433,蓝思科技,10:18:33,23.24,67700,23.23,买盘
300433,蓝思科技,10:18:30,23.23,51200,23.23,卖盘
300433,蓝思科技,10:18:27,23.23,59600,23.24,卖盘
300433,蓝思科技,10:18:21,23.23,80700,23.26,卖盘
300433,蓝思科技,10:18:18,23.26,49500,23.26,卖盘
300433,蓝思科技,10:18:15,23.26,41600,23.26,买盘
300433,蓝思科技,10:18:09,23.26,84600,23.23,买盘
300433,蓝思科技,10:18:06,23.23,63300,23.23,买盘
300433,蓝思科技,10:18:03,23.23,27000,23.29,买盘
300433,蓝思科技,10:18:00,23.29,300700,23.28,中性盘
300433,蓝思科技,10:17:57,23.28,105300,23.26,买盘
300433,蓝思科技,10:17:54,23.26,68500,23.25,买盘
300433,蓝思科技,10:17:51,23.25,35100,23.25,买盘
300433,蓝思科技,10:17:48,23.25,66400,23.27,卖盘
300433,蓝思科技,10:17:45,23.27,26400,23.26,买盘
300433,蓝思科技,10:17:36,23.29,23100,23.3,卖盘
300433,蓝思科技,10:17:24,23.33,21700,23.35,卖盘
300433,蓝思科技,10:17:21,23.35,112500,23.37,卖盘
300433,蓝思科技,10:17:18,23.37,29300,23.37,中性盘
300433,蓝思科技,10:17:15,23.37,76500,23.36,买盘
300433,蓝思科技,10:17:12,23.36,44700,23.38,卖盘
300433,蓝思科技,10:17:09,23.38,25200,23.37,买盘
300433,蓝思科技,10:17:06,23.37,30300,23.37,卖盘
300433,蓝思科技,10:17:00,23.41,32300,23.38,买盘
300433,蓝思科技,10:16:51,23.38,27600,23.4,卖盘
300433,蓝思科技,10:16:48,23.4,29800,23.4,卖盘
300433,蓝思科技,10:16:45,23.4,92000,23.42,卖盘
300433,蓝思科技,10:16:42,23.42,33000,23.42,卖盘
300433,蓝思科技,10:16:39,23.42,39300,23.44,卖盘
300433,蓝思科技,10:16:27,23.45,32500,23.45,买盘
300433,蓝思科技,10:16:18,23.46,24400,23.46,买盘
300433,蓝思科技,10:16:09,23.47,22000,23.48,中性盘
300433,蓝思科技,10:16:06,23.48,23200,23.46,买盘
300433,蓝思科技,10:16:03,23.46,28000,23.47,中性盘
300433,蓝思科技,10:15:48,23.47,41100,23.47,买盘
300433,蓝思科技,10:15:42,23.46,28100,23.47,卖盘
300433,蓝思科技,10:15:36,23.47,46300,23.47,卖盘
300433,蓝思科技,10:15:27,23.45,50700,23.47,卖盘
300433,蓝思科技,10:15:21,23.45,26400,23.45,卖盘
300433,蓝思科技,10:15:18,23.45,26400,23.46,买盘
300433,蓝思科技,10:15:12,23.46,33000,23.45,买盘
300433,蓝思科技,10:15:06,23.48,63500,23.46,买盘
300433,蓝思科技,10:14:57,23.47,38100,23.42,买盘
300433,蓝思科技,10:14:54,23.42,21400,23.44,卖盘
300433,蓝思科技,10:14:51,23.44,58600,23.43,买盘
300433,蓝思科技,10:14:36,23.42,41400,23.44,卖盘
300433,蓝思科技,10:14:33,23.44,27700,23.45,卖盘
300433,蓝思科技,10:14:30,23.45,53700,23.43,买盘
300433,蓝思科技,10:14:24,23.45,27700,23.41,买盘
300433,蓝思科技,10:14:21,23.41,38800,23.45,卖盘
300433,蓝思科技,10:14:09,23.45,52800,23.4,买盘
300433,蓝思科技,10:14:06,23.4,59200,23.42,卖盘
300433,蓝思科技,10:14:03,23.42,61500,23.41,买盘
300433,蓝思科技,10:13:57,23.43,55799,23.42,买盘
300433,蓝思科技,10:13:51,23.41,78900,23.43,卖盘
300433,蓝思科技,10:13:48,23.43,100100,23.41,买盘
300433,蓝思科技,10:13:39,23.41,23600,23.4,中性盘
300433,蓝思科技,10:13:36,23.4,78000,23.44,卖盘
300433,蓝思科技,10:13:33,23.44,26300,23.4,买盘
300433,蓝思科技,10:13:30,23.4,147700,23.41,卖盘
300433,蓝思科技,10:13:27,23.41,33100,23.42,卖盘
300433,蓝思科技,10:13:12,23.44,51000,23.39,买盘
300433,蓝思科技,10:13:09,23.39,23900,23.39,卖盘
300433,蓝思科技,10:13:03,23.39,52800,23.39,卖盘
300433,蓝思科技,10:12:57,23.39,27600,23.43,卖盘
300433,蓝思科技,10:12:54,23.43,26500,23.38,买盘
300433,蓝思科技,10:12:51,23.38,25000,23.38,买盘
300433,蓝思科技,10:12:48,23.38,24100,23.4,卖盘
300433,蓝思科技,10:12:45,23.4,145400,23.4,买盘
300433,蓝思科技,10:12:42,23.4,27700,23.38,买盘
300433,蓝思科技,10:12:36,23.4,66000,23.4,卖盘
300433,蓝思科技,10:12:30,23.43,65200,23.39,买盘
300433,蓝思科技,10:12:24,23.39,48397,23.42,卖盘
300433,蓝思科技,10:12:21,23.42,24803,23.45,卖盘
300433,蓝思科技,10:12:15,23.4,54000,23.43,中性盘
300433,蓝思科技,10:12:12,23.43,65400,23.41,买盘
300433,蓝思科技,10:12:09,23.41,71600,23.41,卖盘
300433,蓝思科技,10:12:06,23.41,24300,23.42,卖盘
300433,蓝思科技,10:12:03,23.42,49200,23.42,买盘
300433,蓝思科技,10:12:00,23.42,22200,23.41,中性盘
300433,蓝思科技,10:11:57,23.41,57800,23.42,卖盘
300433,蓝思科技,10:11:54,23.42,40900,23.45,中性盘
300433,蓝思科技,10:11:48,23.39,28000,23.44,卖盘
300433,蓝思科技,10:11:45,23.44,35600,23.39,买盘
300433,蓝思科技,10:11:42,23.39,71400,23.41,卖盘
300433,蓝思科技,10:11:39,23.41,28900,23.39,买盘
300433,蓝思科技,10:11:36,23.39,43300,23.39,买盘
300433,蓝思科技,10:11:33,23.39,32000,23.41,卖盘
300433,蓝思科技,10:11:30,23.41,53900,23.4,买盘
300433,蓝思科技,10:11:24,23.4,23100,23.42,卖盘
300433,蓝思科技,10:11:21,23.42,29000,23.43,卖盘
300433,蓝思科技,10:11:15,23.43,154100,23.43,卖盘
300433,蓝思科技,10:11:12,23.43,21700,23.43,买盘
300433,蓝思科技,10:10:57,23.46,53300,23.48,卖盘
300433,蓝思科技,10:10:54,23.48,43500,23.48,买盘
300433,蓝思科技,10:10:51,23.48,37900,23.48,买盘
300433,蓝思科技,10:10:48,23.48,89500,23.48,买盘
300433,蓝思科技,10:10:42,23.49,100300,23.48,中性盘
300433,蓝思科技,10:10:39,23.48,45500,23.49,卖盘
300433,蓝思科技,10:10:36,23.49,30800,23.5,买盘
300433,蓝思科技,10:10:33,23.5,64700,23.51,卖盘
300433,蓝思科技,10:10:30,23.51,35000,23.51,卖盘
300433,蓝思科技,10:10:27,23.51,45400,23.49,买盘
300433,蓝思科技,10:10:24,23.49,24300,23.5,卖盘
300433,蓝思科技,10:10:21,23.5,83000,23.53,卖盘
300433,蓝思科技,10:10:15,23.53,24200,23.55,卖盘
300433,蓝思科技,10:10:09,23.55,31100,23.55,买盘
300433,蓝思科技,10:10:03,23.55,54700,23.61,卖盘
300433,蓝思科技,10:09:51,23.59,123900,23.61,卖盘
300433,蓝思科技,10:09:48,23.61,49100,23.63,卖盘
300433,蓝思科技,10:09:45,23.63,39200,23.63,买盘
300433,蓝思科技,10:09:42,23.63,45500,23.65,卖盘
300433,蓝思科技,10:09:39,23.65,81600,23.64,买盘
300433,蓝思科技,10:09:36,23.64,26000,23.66,卖盘
300433,蓝思科技,10:09:33,23.66,49400,23.66,卖盘
300433,蓝思科技,10:09:27,23.66,39700,23.63,买盘
300433,蓝思科技,10:09:24,23.63,137500,23.62,买盘
300433,蓝思科技,10:09:21,23.62,67223,23.66,卖盘
300433,蓝思科技,10:09:18,23.66,40300,23.65,买盘
300433,蓝思科技,10:09:15,23.65,49877,23.65,卖盘
300433,蓝思科技,10:09:12,23.65,60500,23.65,卖盘
300433,蓝思科技,10:09:09,23.65,41300,23.65,买盘
300433,蓝思科技,10:09:00,23.61,48300,23.61,卖盘
300433,蓝思科技,10:08:54,23.6,206900,23.59,买盘
300433,蓝思科技,10:08:51,23.59,99500,23.59,买盘
300433,蓝思科技,10:08:48,23.59,291600,23.55,买盘
300433,蓝思科技,10:08:45,23.55,68900,23.55,卖盘
300433,蓝思科技,10:08:39,23.55,49815,23.55,买盘
300433,蓝思科技,10:08:36,23.55,57200,23.53,买盘
300433,蓝思科技,10:08:30,23.53,38600,23.51,买盘
300433,蓝思科技,10:08:24,23.54,23200,23.5,买盘
300433,蓝思科技,10:08:21,23.5,44600,23.5,卖盘
300433,蓝思科技,10:08:18,23.5,47400,23.52,卖盘
300433,蓝思科技,10:08:15,23.52,50100,23.54,卖盘
300433,蓝思科技,10:08:12,23.54,92700,23.51,买盘
300433,蓝思科技,10:08:09,23.51,148700,23.52,卖盘
300433,蓝思科技,10:08:06,23.52,26000,23.52,卖盘
300433,蓝思科技,10:08:03,23.52,105520,23.56,卖盘
300433,蓝思科技,10:08:00,23.56,22680,23.54,买盘
300433,蓝思科技,10:07:57,23.54,49799,23.54,买盘
300433,蓝思科技,10:07:54,23.54,95700,23.54,买盘
300433,蓝思科技,10:07:48,23.51,174900,23.5,买盘
300433,蓝思科技,10:07:45,23.5,94000,23.5,买盘
300433,蓝思科技,10:07:42,23.5,178000,23.49,买盘
300433,蓝思科技,10:07:39,23.49,24900,23.47,卖盘
300433,蓝思科技,10:07:36,23.47,58500,23.45,卖盘
300433,蓝思科技,10:07:33,23.45,262500,23.49,卖盘
300433,蓝思科技,10:07:30,23.49,170000,23.45,买盘
300433,蓝思科技,10:07:27,23.45,92300,23.4,买盘
300433,蓝思科技,10:07:24,23.4,215500,23.42,卖盘
300433,蓝思科技,10:07:21,23.42,75800,23.41,买盘
300433,蓝思科技,10:07:18,23.41,147600,23.4,买盘
300433,蓝思科技,10:07:15,23.4,73100,23.39,买盘
300433,蓝思科技,10:07:09,23.4,128400,23.42,中性盘
300433,蓝思科技,10:07:06,23.42,78400,23.41,买盘
300433,蓝思科技,10:07:03,23.41,191300,23.42,卖盘
300433,蓝思科技,10:07:00,23.42,103000,23.44,卖盘
300433,蓝思科技,10:06:57,23.44,92600,23.43,买盘
300433,蓝思科技,10:06:54,23.43,55200,23.44,中性盘
300433,蓝思科技,10:06:51,23.44,146100,23.43,买盘
300433,蓝思科技,10:06:48,23.43,156300,23.45,卖盘
300433,蓝思科技,10:06:45,23.45,84400,23.44,买盘
300433,蓝思科技,10:06:42,23.44,50400,23.45,中性盘
300433,蓝思科技,10:06:36,23.47,183300,23.4,买盘
300433,蓝思科技,10:06:33,23.4,161300,23.39,买盘
300433,蓝思科技,10:06:30,23.39,244800,23.37,买盘
300433,蓝思科技,10:06:27,23.37,245100,23.36,买盘
300433,蓝思科技,10:06:24,23.36,202237,23.34,买盘
300433,蓝思科技,10:06:21,23.34,158000,23.34,买盘
300433,蓝思科技,10:06:18,23.34,295800,23.32,买盘
300433,蓝思科技,10:06:15,23.32,260000,23.29,买盘
300433,蓝思科技,10:06:12,23.29,23600,23.28,买盘
300433,蓝思科技,10:06:06,23.25,42500,23.25,卖盘
300433,蓝思科技,10:06:03,23.25,67700,23.25,卖盘
300433,蓝思科技,10:06:00,23.25,109811,23.23,买盘
300433,蓝思科技,10:05:54,23.22,24700,23.22,买盘
300433,蓝思科技,10:05:51,23.22,53689,23.24,卖盘
300433,蓝思科技,10:05:45,23.24,25000,23.23,买盘
300433,蓝思科技,10:05:42,23.23,41600,23.23,卖盘
300433,蓝思科技,10:05:39,23.23,49200,23.24,卖盘
300433,蓝思科技,10:05:36,23.24,50000,23.24,买盘
300433,蓝思科技,10:05:27,23.24,37400,23.26,卖盘
300433,蓝思科技,10:05:24,23.26,31200,23.26,买盘
300433,蓝思科技,10:05:18,23.24,57900,23.25,卖盘
300433,蓝思科技,10:05:15,23.25,62100,23.24,买盘
300433,蓝思科技,10:05:09,23.26,59600,23.25,买盘
300433,蓝思科技,10:05:03,23.26,23800,23.27,卖盘
300433,蓝思科技,10:04:54,23.26,21500,23.27,卖盘
300433,蓝思科技,10:04:45,23.27,23700,23.27,买盘
300433,蓝思科技,10:04:30,23.27,23300,23.29,卖盘
300433,蓝思科技,10:04:27,23.29,33900,23.3,卖盘
300433,蓝思科技,10:04:24,23.3,24500,23.3,买盘
300433,蓝思科技,10:04:15,23.3,28950,23.29,买盘
300433,蓝思科技,10:04:12,23.29,35600,23.3,卖盘
300433,蓝思科技,10:04:09,23.3,37600,23.3,卖盘
300433,蓝思科技,10:04:06,23.3,50300,23.32,卖盘
300433,蓝思科技,10:04:03,23.32,49200,23.31,中性盘
300433,蓝思科技,10:04:00,23.31,96100,23.32,卖盘
300433,蓝思科技,10:03:57,23.32,27500,23.31,买盘
300433,蓝思科技,10:03:54,23.31,47500,23.31,卖盘
300433,蓝思科技,10:03:51,23.31,64100,23.3,买盘
300433,蓝思科技,10:03:48,23.3,50300,23.31,卖盘
300433,蓝思科技,10:03:45,23.31,23800,23.29,买盘
300433,蓝思科技,10:03:42,23.29,28450,23.3,卖盘
300433,蓝思科技,10:03:39,23.3,72700,23.29,买盘
300433,蓝思科技,10:03:33,23.28,55150,23.28,卖盘
300433,蓝思科技,10:03:30,23.28,25700,23.28,卖盘
300433,蓝思科技,10:03:24,23.27,95900,23.26,买盘
300433,蓝思科技,10:03:21,23.26,56650,23.26,买盘
300433,蓝思科技,10:03:18,23.26,39400,23.25,买盘
300433,蓝思科技,10:03:15,23.25,123300,23.25,卖盘
300433,蓝思科技,10:03:09,23.25,34100,23.25,买盘
300433,蓝思科技,10:02:51,23.25,22700,23.24,买盘
300433,蓝思科技,10:02:48,23.24,34800,23.24,卖盘
300433,蓝思科技,10:02:45,23.24,26900,23.25,卖盘
300433,蓝思科技,10:02:39,23.24,38700,23.25,中性盘
300433,蓝思科技,10:02:30,23.26,46200,23.26,买盘
300433,蓝思科技,10:02:27,23.26,26800,23.26,买盘
300433,蓝思科技,10:02:24,23.26,29900,23.23,买盘
300433,蓝思科技,10:02:18,23.24,46600,23.26,卖盘
300433,蓝思科技,10:02:15,23.26,37600,23.25,买盘
300433,蓝思科技,10:02:06,23.26,51900,23.25,买盘
300433,蓝思科技,10:01:57,23.28,28900,23.28,买盘
300433,蓝思科技,10:01:51,23.27,24200,23.28,卖盘
300433,蓝思科技,10:01:45,23.3,62000,23.28,买盘
300433,蓝思科技,10:01:30,23.29,23500,23.28,买盘
300433,蓝思科技,10:01:21,23.28,47300,23.29,卖盘
300433,蓝思科技,10:01:15,23.3,64300,23.32,卖盘
300433,蓝思科技,10:01:12,23.32,23900,23.31,买盘
300433,蓝思科技,10:01:09,23.31,23800,23.3,买盘
300433,蓝思科技,10:01:06,23.3,28000,23.33,卖盘
300433,蓝思科技,10:01:03,23.33,49700,23.33,买盘
300433,蓝思科技,10:00:57,23.33,50100,23.31,买盘
300433,蓝思科技,10:00:54,23.31,33400,23.33,中性盘
300433,蓝思科技,10:00:51,23.33,34900,23.32,买盘
300433,蓝思科技,10:00:48,23.32,37800,23.33,中性盘
300433,蓝思科技,10:00:42,23.32,72100,23.3,买盘
300433,蓝思科技,10:00:39,23.3,37739,23.29,买盘
300433,蓝思科技,10:00:33,23.29,36800,23.31,卖盘
300433,蓝思科技,10:00:30,23.31,57400,23.28,买盘
300433,蓝思科技,10:00:27,23.28,28742,23.29,卖盘
300433,蓝思科技,10:00:15,23.28,30500,23.27,买盘
300433,蓝思科技,10:00:12,23.27,101500,23.27,卖盘
300433,蓝思科技,10:00:09,23.27,40200,23.28,卖盘
300433,蓝思科技,10:00:03,23.27,22000,23.26,买盘
300433,蓝思科技,09:59:57,23.25,59900,23.25,卖盘
300433,蓝思科技,09:59:51,23.26,52500,23.26,买盘
300433,蓝思科技,09:59:48,23.26,47600,23.25,买盘
300433,蓝思科技,09:59:45,23.25,216014,23.29,卖盘
300433,蓝思科技,09:59:39,23.3,43600,23.3,买盘
300433,蓝思科技,09:59:36,23.3,22000,23.3,买盘
300433,蓝思科技,09:59:33,23.3,45800,23.28,买盘
300433,蓝思科技,09:59:30,23.28,57600,23.28,卖盘
300433,蓝思科技,09:59:27,23.28,32700,23.3,中性盘
300433,蓝思科技,09:59:24,23.3,71600,23.28,买盘
300433,蓝思科技,09:59:18,23.26,41000,23.3,卖盘
300433,蓝思科技,09:59:15,23.3,265100,23.29,买盘
300433,蓝思科技,09:59:12,23.29,120751,23.3,卖盘
300433,蓝思科技,09:59:09,23.3,78800,23.32,卖盘
300433,蓝思科技,09:59:06,23.32,42100,23.32,买盘
300433,蓝思科技,09:59:00,23.3,71400,23.32,卖盘
300433,蓝思科技,09:58:57,23.32,268949,23.3,买盘
300433,蓝思科技,09:58:54,23.3,108800,23.29,买盘
300433,蓝思科技,09:58:51,23.29,54300,23.28,买盘
300433,蓝思科技,09:58:48,23.28,189486,23.26,买盘
300433,蓝思科技,09:58:45,23.26,287800,23.25,买盘
300433,蓝思科技,09:58:42,23.25,267772,23.22,买盘
300433,蓝思科技,09:58:39,23.22,54700,23.22,卖盘
300433,蓝思科技,09:58:36,23.22,69100,23.22,买盘
300433,蓝思科技,09:58:33,23.22,118500,23.21,买盘
300433,蓝思科技,09:58:30,23.21,46600,23.2,卖盘
300433,蓝思科技,09:58:27,23.2,96000,23.21,卖盘
300433,蓝思科技,09:58:24,23.21,153962,23.2,买盘
300433,蓝思科技,09:58:15,23.19,65000,23.17,买盘
300433,蓝思科技,09:58:12,23.17,23200,23.2,卖盘
300433,蓝思科技,09:58:09,23.2,133500,23.19,买盘
300433,蓝思科技,09:58:06,23.19,82228,23.22,卖盘
300433,蓝思科技,09:58:03,23.22,36500,23.2,买盘
300433,蓝思科技,09:58:00,23.2,114200,23.21,卖盘
300433,蓝思科技,09:57:57,23.21,133200,23.23,卖盘
300433,蓝思科技,09:57:54,23.23,73200,23.23,买盘
300433,蓝思科技,09:57:51,23.23,28600,23.22,买盘
300433,蓝思科技,09:57:45,23.22,50200,23.23,卖盘
300433,蓝思科技,09:57:42,23.23,24298,23.21,买盘
300433,蓝思科技,09:57:39,23.21,39600,23.22,卖盘
300433,蓝思科技,09:57:36,23.22,46200,23.24,卖盘
300433,蓝思科技,09:57:33,23.24,48174,23.22,买盘
300433,蓝思科技,09:57:30,23.22,80200,23.22,买盘
300433,蓝思科技,09:57:27,23.22,23600,23.22,买盘
300433,蓝思科技,09:57:24,23.22,41700,23.23,卖盘
300433,蓝思科技,09:57:21,23.23,59400,23.22,买盘
300433,蓝思科技,09:57:18,23.22,46300,23.22,卖盘
300433,蓝思科技,09:57:12,23.23,28400,23.23,买盘
300433,蓝思科技,09:57:09,23.23,35600,23.23,买盘
300433,蓝思科技,09:57:06,23.23,70950,23.26,卖盘
300433,蓝思科技,09:57:03,23.26,165500,23.25,买盘
300433,蓝思科技,09:57:00,23.25,101700,23.26,卖盘
300433,蓝思科技,09:56:57,23.26,24800,23.26,买盘
300433,蓝思科技,09:56:54,23.26,49200,23.24,买盘
300433,蓝思科技,09:56:51,23.24,43100,23.24,卖盘
300433,蓝思科技,09:56:48,23.24,32000,23.24,卖盘
300433,蓝思科技,09:56:45,23.24,28700,23.24,卖盘
300433,蓝思科技,09:56:42,23.24,162650,23.23,买盘
300433,蓝思科技,09:56:39,23.23,115900,23.23,买盘
300433,蓝思科技,09:56:36,23.23,87600,23.23,买盘
300433,蓝思科技,09:56:33,23.23,64800,23.23,卖盘
300433,蓝思科技,09:56:27,23.23,47400,23.23,卖盘
300433,蓝思科技,09:56:24,23.23,40500,23.22,买盘
300433,蓝思科技,09:56:15,23.22,29400,23.24,卖盘
300433,蓝思科技,09:56:12,23.24,43700,23.2,买盘
300433,蓝思科技,09:56:09,23.2,55900,23.23,卖盘
300433,蓝思科技,09:56:03,23.24,58400,23.2,买盘
300433,蓝思科技,09:56:00,23.2,49700,23.21,卖盘
300433,蓝思科技,09:55:57,23.21,43700,23.2,买盘
300433,蓝思科技,09:55:54,23.2,54700,23.25,卖盘
300433,蓝思科技,09:55:51,23.25,128550,23.24,中性盘
300433,蓝思科技,09:55:48,23.24,74050,23.24,买盘
300433,蓝思科技,09:55:45,23.24,97900,23.25,卖盘
300433,蓝思科技,09:55:42,23.25,85600,23.23,买盘
300433,蓝思科技,09:55:39,23.23,87000,23.22,买盘
300433,蓝思科技,09:55:36,23.22,51750,23.22,买盘
300433,蓝思科技,09:55:33,23.22,379800,23.17,买盘
300433,蓝思科技,09:55:30,23.17,101400,23.15,买盘
300433,蓝思科技,09:55:27,23.15,25787,23.15,卖盘
300433,蓝思科技,09:55:24,23.15,114430,23.13,买盘
300433,蓝思科技,09:55:21,23.13,46600,23.13,卖盘
300433,蓝思科技,09:55:18,23.13,93400,23.14,卖盘
300433,蓝思科技,09:55:15,23.14,95700,23.13,买盘
300433,蓝思科技,09:55:12,23.13,22200,23.13,买盘
300433,蓝思科技,09:55:03,23.15,36900,23.13,买盘
300433,蓝思科技,09:55:00,23.13,46100,23.13,买盘
300433,蓝思科技,09:54:57,23.13,27700,23.12,买盘
300433,蓝思科技,09:54:54,23.12,59300,23.16,卖盘
300433,蓝思科技,09:54:51,23.16,24400,23.14,买盘
300433,蓝思科技,09:54:45,23.13,43933,23.15,卖盘
300433,蓝思科技,09:54:42,23.15,54900,23.17,中性盘
300433,蓝思科技,09:54:39,23.17,268200,23.18,卖盘
300433,蓝思科技,09:54:36,23.18,67100,23.17,中性盘
300433,蓝思科技,09:54:33,23.17,91800,23.17,卖盘
300433,蓝思科技,09:54:30,23.17,68800,23.16,买盘
300433,蓝思科技,09:54:27,23.16,137300,23.14,买盘
300433,蓝思科技,09:54:24,23.14,49300,23.13,买盘
300433,蓝思科技,09:54:21,23.13,41400,23.16,卖盘
300433,蓝思科技,09:54:18,23.16,117900,23.15,买盘
300433,蓝思科技,09:54:15,23.15,167100,23.15,买盘
300433,蓝思科技,09:54:12,23.15,76100,23.13,买盘
300433,蓝思科技,09:54:09,23.13,42967,23.12,买盘
300433,蓝思科技,09:54:06,23.12,33900,23.13,中性盘
300433,蓝思科技,09:54:03,23.13,28600,23.12,买盘
300433,蓝思科技,09:53:57,23.14,26100,23.15,买盘
300433,蓝思科技,09:53:54,23.15,40700,23.14,买盘
300433,蓝思科技,09:53:51,23.14,87000,23.15,中性盘
300433,蓝思科技,09:53:48,23.15,64100,23.15,买盘
300433,蓝思科技,09:53:45,23.15,26800,23.14,买盘
300433,蓝思科技,09:53:42,23.14,74800,23.15,中性盘
300433,蓝思科技,09:53:39,23.15,34000,23.14,买盘
300433,蓝思科技,09:53:36,23.14,97200,23.15,卖盘
300433,蓝思科技,09:53:33,23.15,39000,23.14,买盘
300433,蓝思科技,09:53:30,23.14,206800,23.14,卖盘
300433,蓝思科技,09:53:27,23.14,86300,23.15,卖盘
300433,蓝思科技,09:53:24,23.15,35900,23.16,买盘
300433,蓝思科技,09:53:21,23.16,314264,23.15,买盘
300433,蓝思科技,09:53:18,23.15,119400,23.14,买盘
300433,蓝思科技,09:53:15,23.14,45600,23.11,买盘
300433,蓝思科技,09:53:12,23.11,60300,23.1,卖盘
300433,蓝思科技,09:53:09,23.1,38400,23.1,卖盘
300433,蓝思科技,09:53:06,23.1,391168,23.1,买盘
300433,蓝思科技,09:53:03,23.1,45500,23.09,买盘
300433,蓝思科技,09:53:00,23.09,220200,23.07,买盘
300433,蓝思科技,09:52:57,23.07,32500,23.07,卖盘
300433,蓝思科技,09:52:54,23.07,39900,23.07,卖盘
300433,蓝思科技,09:52:51,23.07,48500,23.09,中性盘
300433,蓝思科技,09:52:48,23.09,36600,23.05,买盘
300433,蓝思科技,09:52:45,23.05,65800,23.05,买盘
300433,蓝思科技,09:52:42,23.05,32300,23.04,买盘
300433,蓝思科技,09:52:39,23.04,63900,23.02,买盘
300433,蓝思科技,09:52:36,23.02,108800,23.01,买盘
300433,蓝思科技,09:52:33,23.01,37000,23.0,买盘
300433,蓝思科技,09:52:30,23.0,405397,22.99,买盘
300433,蓝思科技,09:52:27,22.99,83500,22.97,买盘
300433,蓝思科技,09:52:24,22.97,42700,22.97,买盘
300433,蓝思科技,09:52:21,22.97,50900,22.92,买盘
300433,蓝思科技,09:52:18,22.92,82642,22.9,买盘
300433,蓝思科技,09:52:15,22.9,51900,22.86,买盘
300433,蓝思科技,09:52:12,22.86,182600,22.84,买盘
300433,蓝思科技,09:52:09,22.84,32900,22.82,买盘
300433,蓝思科技,09:52:06,22.82,200682,22.79,买盘
300433,蓝思科技,09:52:00,22.8,48100,22.78,买盘
300433,蓝思科技,09:51:51,22.8,82600,22.8,买盘
300433,蓝思科技,09:51:48,22.8,214120,22.83,卖盘
300433,蓝思科技,09:51:42,22.82,51000,22.81,买盘
300433,蓝思科技,09:51:39,22.81,83700,22.81,买盘
300433,蓝思科技,09:51:36,22.81,65400,22.81,卖盘
300433,蓝思科技,09:51:33,22.81,30380,22.81,买盘
300433,蓝思科技,09:51:30,22.81,29600,22.81,卖盘
300433,蓝思科技,09:51:24,22.81,51000,22.81,卖盘
300433,蓝思科技,09:51:21,22.81,34700,22.81,卖盘
300433,蓝思科技,09:51:18,22.81,50200,22.81,卖盘
300433,蓝思科技,09:51:12,22.81,46100,22.82,卖盘
300433,蓝思科技,09:51:06,22.82,31200,22.81,买盘
300433,蓝思科技,09:51:03,22.81,45200,22.82,卖盘
300433,蓝思科技,09:50:57,22.83,92200,22.81,买盘
300433,蓝思科技,09:50:51,22.81,33000,22.81,卖盘
300433,蓝思科技,09:50:36,22.79,29900,22.79,卖盘
300433,蓝思科技,09:50:24,22.77,23500,22.77,卖盘
300433,蓝思科技,09:50:18,22.76,37000,22.75,买盘
300433,蓝思科技,09:50:00,22.75,46000,22.73,买盘
300433,蓝思科技,09:49:48,22.77,105200,22.75,中性盘
300433,蓝思科技,09:49:45,22.75,140397,22.8,卖盘
300433,蓝思科技,09:49:42,22.8,40200,22.8,卖盘
300433,蓝思科技,09:49:39,22.8,25000,22.82,卖盘
300433,蓝思科技,09:49:33,22.8,48800,22.82,卖盘
300433,蓝思科技,09:49:30,22.82,34900,22.81,买盘
300433,蓝思科技,09:49:24,22.81,37100,22.83,卖盘
300433,蓝思科技,09:49:18,22.83,43000,22.84,卖盘
300433,蓝思科技,09:49:15,22.84,66300,22.85,中性盘
300433,蓝思科技,09:49:12,22.85,47200,22.85,买盘
300433,蓝思科技,09:49:06,22.85,24100,22.86,卖盘
300433,蓝思科技,09:49:00,22.86,37100,22.88,卖盘
300433,蓝思科技,09:48:54,22.88,31800,22.89,卖盘
300433,蓝思科技,09:48:51,22.89,25050,22.9,买盘
300433,蓝思科技,09:48:48,22.9,38800,22.9,卖盘
300433,蓝思科技,09:48:45,22.9,63400,22.89,买盘
300433,蓝思科技,09:48:42,22.89,42100,22.91,卖盘
300433,蓝思科技,09:48:39,22.91,24100,22.9,买盘
300433,蓝思科技,09:48:36,22.9,31000,22.91,中性盘
300433,蓝思科技,09:48:33,22.91,81100,22.9,买盘
300433,蓝思科技,09:48:30,22.9,50600,22.89,买盘
300433,蓝思科技,09:48:27,22.89,24800,22.91,卖盘
300433,蓝思科技,09:48:24,22.91,34800,22.9,买盘
300433,蓝思科技,09:48:12,22.95,67900,22.94,买盘
300433,蓝思科技,09:48:09,22.94,22900,22.94,卖盘
300433,蓝思科技,09:48:06,22.94,119000,22.95,卖盘
300433,蓝思科技,09:48:03,22.95,22500,22.95,卖盘
300433,蓝思科技,09:47:57,22.95,27700,22.95,卖盘
300433,蓝思科技,09:47:54,22.95,59400,22.96,卖盘
300433,蓝思科技,09:47:51,22.96,66400,22.96,买盘
300433,蓝思科技,09:47:48,22.96,29000,22.95,买盘
300433,蓝思科技,09:47:45,22.95,86400,22.95,卖盘
300433,蓝思科技,09:47:42,22.95,30000,22.95,买盘
300433,蓝思科技,09:47:39,22.95,53200,22.97,卖盘
300433,蓝思科技,09:47:36,22.97,59800,22.96,买盘
300433,蓝思科技,09:47:33,22.96,182600,22.95,买盘
300433,蓝思科技,09:47:30,22.95,58000,22.97,卖盘
300433,蓝思科技,09:47:27,22.97,22800,22.98,卖盘
300433,蓝思科技,09:47:24,22.98,64700,22.99,买盘
300433,蓝思科技,09:47:21,22.99,57600,22.99,买盘
300433,蓝思科技,09:47:18,22.99,161300,22.97,买盘
300433,蓝思科技,09:47:15,22.97,90900,22.93,买盘
300433,蓝思科技,09:47:12,22.93,87200,22.96,卖盘
300433,蓝思科技,09:47:09,22.96,114450,22.95,中性盘
300433,蓝思科技,09:47:06,22.95,150000,22.92,买盘
300433,蓝思科技,09:47:03,22.92,60800,22.94,卖盘
300433,蓝思科技,09:47:00,22.94,66600,22.92,买盘
300433,蓝思科技,09:46:57,22.92,39600,22.89,买盘
300433,蓝思科技,09:46:54,22.89,62600,22.9,卖盘
300433,蓝思科技,09:46:51,22.9,58800,22.9,买盘
300433,蓝思科技,09:46:48,22.9,35100,22.89,买盘
300433,蓝思科技,09:46:45,22.89,38000,22.88,中性盘
300433,蓝思科技,09:46:42,22.88,38100,22.88,卖盘
300433,蓝思科技,09:46:39,22.88,75800,22.86,买盘
300433,蓝思科技,09:46:33,22.89,34500,22.88,买盘
300433,蓝思科技,09:46:30,22.88,54300,22.89,卖盘
300433,蓝思科技,09:46:27,22.89,57700,22.9,卖盘
300433,蓝思科技,09:46:24,22.9,78300,22.91,中性盘
300433,蓝思科技,09:46:21,22.91,66200,22.91,买盘
300433,蓝思科技,09:46:18,22.91,101200,22.93,卖盘
300433,蓝思科技,09:46:15,22.93,94500,22.94,卖盘
300433,蓝思科技,09:46:12,22.94,148800,22.96,卖盘
300433,蓝思科技,09:46:09,22.96,134100,23.0,卖盘
300433,蓝思科技,09:46:06,23.0,64000,23.0,卖盘
300433,蓝思科技,09:46:03,23.0,116500,23.0,买盘
300433,蓝思科技,09:46:00,23.0,189600,23.0,买盘
300433,蓝思科技,09:45:57,23.0,500200,22.97,买盘
300433,蓝思科技,09:45:54,22.97,63500,22.97,卖盘
300433,蓝思科技,09:45:51,22.97,112800,22.95,买盘
300433,蓝思科技,09:45:48,22.95,55200,22.96,中性盘
300433,蓝思科技,09:45:45,22.96,355100,22.92,买盘
300433,蓝思科技,09:45:42,22.92,296700,22.86,买盘
300433,蓝思科技,09:45:39,22.86,118349,22.86,卖盘
300433,蓝思科技,09:45:36,22.86,32068,22.82,买盘
300433,蓝思科技,09:45:33,22.82,456200,22.8,买盘
300433,蓝思科技,09:45:30,22.8,76400,22.77,买盘
300433,蓝思科技,09:45:27,22.77,41400,22.77,买盘
300433,蓝思科技,09:45:24,22.77,39800,22.76,买盘
300433,蓝思科技,09:45:15,22.78,69100,22.77,买盘
300433,蓝思科技,09:45:06,22.78,54300,22.78,买盘
300433,蓝思科技,09:45:03,22.78,28700,22.79,卖盘
300433,蓝思科技,09:44:57,22.8,258932,22.81,卖盘
300433,蓝思科技,09:44:54,22.81,78000,22.81,卖盘
300433,蓝思科技,09:44:51,22.81,49700,22.8,买盘
300433,蓝思科技,09:44:42,22.82,48200,22.83,卖盘
300433,蓝思科技,09:44:36,22.84,27200,22.84,买盘
300433,蓝思科技,09:44:33,22.84,46200,22.85,买盘
300433,蓝思科技,09:44:30,22.85,70400,22.85,买盘
300433,蓝思科技,09:44:27,22.85,42800,22.84,买盘
300433,蓝思科技,09:44:24,22.84,57300,22.85,中性盘
300433,蓝思科技,09:44:21,22.85,31900,22.85,买盘
300433,蓝思科技,09:44:18,22.85,35400,22.86,卖盘
300433,蓝思科技,09:44:09,22.87,27100,22.89,买盘
300433,蓝思科技,09:44:06,22.89,90100,22.88,买盘
300433,蓝思科技,09:44:03,22.88,48500,22.88,买盘
300433,蓝思科技,09:44:00,22.88,51700,22.89,卖盘
300433,蓝思科技,09:43:57,22.89,42300,22.88,买盘
300433,蓝思科技,09:43:54,22.88,63400,22.88,卖盘
300433,蓝思科技,09:43:51,22.88,77600,22.9,卖盘
300433,蓝思科技,09:43:48,22.9,121084,22.91,卖盘
300433,蓝思科技,09:43:45,22.91,53700,22.91,卖盘
300433,蓝思科技,09:43:42,22.91,48000,22.91,卖盘
300433,蓝思科技,09:43:39,22.91,55116,22.92,卖盘
300433,蓝思科技,09:43:36,22.92,62900,22.91,买盘
300433,蓝思科技,09:43:33,22.91,58600,22.9,买盘
300433,蓝思科技,09:43:30,22.9,119400,22.92,卖盘
300433,蓝思科技,09:43:27,22.92,55600,22.89,买盘
300433,蓝思科技,09:43:24,22.89,58800,22.9,卖盘
300433,蓝思科技,09:43:21,22.9,36500,22.92,卖盘
300433,蓝思科技,09:43:18,22.92,68600,22.9,买盘
300433,蓝思科技,09:43:15,22.9,124000,22.87,买盘
300433,蓝思科技,09:43:12,22.87,335900,22.88,卖盘
300433,蓝思科技,09:43:09,22.88,145200,22.91,卖盘
300433,蓝思科技,09:43:06,22.91,33500,22.91,卖盘
300433,蓝思科技,09:43:03,22.91,72700,22.9,买盘
300433,蓝思科技,09:43:00,22.9,73000,22.9,买盘
300433,蓝思科技,09:42:57,22.9,209100,22.87,买盘
300433,蓝思科技,09:42:54,22.87,265200,22.83,买盘
300433,蓝思科技,09:42:51,22.83,161600,22.8,买盘
300433,蓝思科技,09:42:48,22.8,249568,22.78,买盘
300433,蓝思科技,09:42:45,22.78,33600,22.76,买盘
300433,蓝思科技,09:42:42,22.76,40600,22.75,买盘
300433,蓝思科技,09:42:39,22.75,50500,22.74,买盘
300433,蓝思科技,09:42:36,22.74,143100,22.76,卖盘
300433,蓝思科技,09:42:33,22.76,29300,22.76,买盘
300433,蓝思科技,09:42:27,22.79,67900,22.78,买盘
300433,蓝思科技,09:42:24,22.78,92000,22.79,卖盘
300433,蓝思科技,09:42:21,22.79,62000,22.8,卖盘
300433,蓝思科技,09:42:18,22.8,92900,22.79,中性盘
300433,蓝思科技,09:42:15,22.79,120000,22.79,卖盘
300433,蓝思科技,09:42:12,22.79,43400,22.82,卖盘
300433,蓝思科技,09:42:09,22.82,47800,22.79,买盘
300433,蓝思科技,09:42:06,22.79,95000,22.82,卖盘
300433,蓝思科技,09:42:03,22.82,70300,22.8,中性盘
300433,蓝思科技,09:42:00,22.8,59900,22.8,卖盘
300433,蓝思科技,09:41:57,22.8,103230,22.83,卖盘
300433,蓝思科技,09:41:54,22.83,28800,22.8,买盘
300433,蓝思科技,09:41:51,22.8,84296,22.8,买盘
300433,蓝思科技,09:41:48,22.8,241600,22.78,买盘
300433,蓝思科技,09:41:45,22.78,164354,22.76,买盘
300433,蓝思科技,09:41:42,22.76,42600,22.71,买盘
300433,蓝思科技,09:41:39,22.71,41600,22.72,中性盘
300433,蓝思科技,09:41:36,22.72,204400,22.68,买盘
300433,蓝思科技,09:41:33,22.68,136800,22.67,买盘
300433,蓝思科技,09:41:30,22.67,144400,22.65,买盘
300433,蓝思科技,09:41:27,22.65,170693,22.62,买盘
300433,蓝思科技,09:41:24,22.62,193500,22.61,买盘
300433,蓝思科技,09:41:21,22.61,24100,22.62,卖盘
300433,蓝思科技,09:41:18,22.62,72600,22.61,买盘
300433,蓝思科技,09:41:15,22.61,121200,22.62,卖盘
300433,蓝思科技,09:41:12,22.62,76900,22.6,买盘
300433,蓝思科技,09:41:09,22.6,51800,22.6,卖盘
300433,蓝思科技,09:41:06,22.6,67600,22.61,卖盘
300433,蓝思科技,09:41:03,22.61,61500,22.6,买盘
300433,蓝思科技,09:41:00,22.6,23600,22.59,中性盘
300433,蓝思科技,09:40:57,22.59,92300,22.6,卖盘
300433,蓝思科技,09:40:54,22.6,247500,22.6,卖盘
300433,蓝思科技,09:40:51,22.6,51800,22.64,卖盘
300433,蓝思科技,09:40:48,22.64,29200,22.65,买盘
300433,蓝思科技,09:40:45,22.65,227200,22.56,买盘
300433,蓝思科技,09:40:42,22.56,80100,22.59,卖盘
300433,蓝思科技,09:40:39,22.59,141000,22.58,买盘
300433,蓝思科技,09:40:36,22.58,24900,22.56,买盘
300433,蓝思科技,09:40:33,22.56,85100,22.55,买盘
300433,蓝思科技,09:40:30,22.55,34200,22.55,买盘
300433,蓝思科技,09:40:27,22.55,83500,22.51,买盘
300433,蓝思科技,09:40:24,22.51,344900,22.5,买盘
300433,蓝思科技,09:40:21,22.5,362200,22.44,买盘
300433,蓝思科技,09:40:18,22.44,250800,22.42,买盘
300433,蓝思科技,09:40:15,22.42,60000,22.41,买盘
300433,蓝思科技,09:40:12,22.41,27200,22.41,卖盘
300433,蓝思科技,09:40:09,22.41,56900,22.41,卖盘
300433,蓝思科技,09:40:06,22.41,67000,22.41,买盘
300433,蓝思科技,09:40:03,22.41,27600,22.39,买盘
300433,蓝思科技,09:40:00,22.39,58400,22.4,中性盘
300433,蓝思科技,09:39:57,22.4,28800,22.41,中性盘
300433,蓝思科技,09:39:54,22.41,49100,22.4,买盘
300433,蓝思科技,09:39:51,22.4,59600,22.4,买盘
300433,蓝思科技,09:39:48,22.4,63500,22.39,买盘
300433,蓝思科技,09:39:45,22.39,98700,22.36,买盘
300433,蓝思科技,09:39:42,22.36,34350,22.36,买盘
300433,蓝思科技,09:39:39,22.36,38500,22.35,买盘
300433,蓝思科技,09:39:36,22.35,26000,22.35,买盘
300433,蓝思科技,09:39:30,22.32,67300,22.32,买盘
300433,蓝思科技,09:39:27,22.32,23900,22.29,买盘
300433,蓝思科技,09:39:24,22.29,50200,22.31,卖盘
300433,蓝思科技,09:39:18,22.31,29800,22.29,买盘
300433,蓝思科技,09:39:15,22.29,87850,22.28,买盘
300433,蓝思科技,09:39:06,22.26,34200,22.29,卖盘
300433,蓝思科技,09:38:54,22.29,32600,22.26,买盘
300433,蓝思科技,09:38:51,22.26,55300,22.28,卖盘
300433,蓝思科技,09:38:48,22.28,109000,22.29,买盘
300433,蓝思科技,09:38:45,22.29,133700,22.3,中性盘
300433,蓝思科技,09:38:42,22.3,32000,22.31,买盘
300433,蓝思科技,09:38:39,22.31,25600,22.3,中性盘
300433,蓝思科技,09:38:33,22.3,78300,22.32,卖盘
300433,蓝思科技,09:38:30,22.32,41000,22.33,卖盘
300433,蓝思科技,09:38:27,22.33,136600,22.33,卖盘
300433,蓝思科技,09:38:24,22.33,66400,22.33,卖盘
300433,蓝思科技,09:38:21,22.33,41300,22.33,卖盘
300433,蓝思科技,09:38:18,22.33,151800,22.33,卖盘
300433,蓝思科技,09:38:15,22.33,31800,22.33,卖盘
300433,蓝思科技,09:38:12,22.33,73400,22.36,卖盘
300433,蓝思科技,09:38:09,22.36,39300,22.32,买盘
300433,蓝思科技,09:38:06,22.32,26900,22.33,卖盘
300433,蓝思科技,09:38:03,22.33,116600,22.33,买盘
300433,蓝思科技,09:38:00,22.33,44300,22.32,买盘
300433,蓝思科技,09:37:57,22.32,50900,22.31,买盘
300433,蓝思科技,09:37:51,22.31,116899,22.28,买盘
300433,蓝思科技,09:37:45,22.29,86200,22.27,买盘
300433,蓝思科技,09:37:42,22.27,27500,22.28,卖盘
300433,蓝思科技,09:37:39,22.28,27200,22.28,买盘
300433,蓝思科技,09:37:36,22.28,53200,22.29,卖盘
300433,蓝思科技,09:37:27,22.3,29400,22.27,买盘
300433,蓝思科技,09:37:24,22.27,58200,22.29,卖盘
300433,蓝思科技,09:37:15,22.25,38200,22.3,卖盘
300433,蓝思科技,09:37:12,22.3,119800,22.24,买盘
300433,蓝思科技,09:37:06,22.24,54100,22.27,卖盘
300433,蓝思科技,09:37:03,22.27,26600,22.27,卖盘
300433,蓝思科技,09:36:57,22.32,22700,22.3,买盘
300433,蓝思科技,09:36:54,22.3,75700,22.3,买盘
300433,蓝思科技,09:36:51,22.3,39744,22.3,卖盘
300433,蓝思科技,09:36:48,22.3,28700,22.26,买盘
300433,蓝思科技,09:36:45,22.26,34000,22.27,卖盘
300433,蓝思科技,09:36:42,22.27,74700,22.26,中性盘
300433,蓝思科技,09:36:39,22.26,51500,22.25,买盘
300433,蓝思科技,09:36:36,22.25,76400,22.26,中性盘
300433,蓝思科技,09:36:33,22.26,83700,22.28,卖盘
300433,蓝思科技,09:36:30,22.28,47100,22.36,卖盘
300433,蓝思科技,09:36:27,22.36,68400,22.33,买盘
300433,蓝思科技,09:36:24,22.33,53400,22.36,卖盘
300433,蓝思科技,09:36:21,22.36,75800,22.37,卖盘
300433,蓝思科技,09:36:18,22.37,29500,22.38,卖盘
300433,蓝思科技,09:36:15,22.38,63300,22.37,中性盘
300433,蓝思科技,09:36:12,22.37,41900,22.38,卖盘
300433,蓝思科技,09:36:09,22.38,79500,22.37,买盘
300433,蓝思科技,09:36:06,22.37,183600,22.38,卖盘
300433,蓝思科技,09:36:03,22.38,28100,22.37,中性盘
300433,蓝思科技,09:36:00,22.37,208600,22.37,买盘
300433,蓝思科技,09:35:57,22.37,29100,22.38,卖盘
300433,蓝思科技,09:35:54,22.38,32600,22.36,买盘
300433,蓝思科技,09:35:51,22.36,72500,22.37,卖盘
300433,蓝思科技,09:35:48,22.37,67300,22.36,买盘
300433,蓝思科技,09:35:45,22.36,48800,22.35,买盘
300433,蓝思科技,09:35:42,22.35,26500,22.35,买盘
300433,蓝思科技,09:35:39,22.35,26500,22.34,买盘
300433,蓝思科技,09:35:36,22.34,75500,22.33,买盘
300433,蓝思科技,09:35:30,22.3,60100,22.3,买盘
300433,蓝思科技,09:35:24,22.3,41500,22.32,卖盘
300433,蓝思科技,09:35:18,22.3,104700,22.34,卖盘
300433,蓝思科技,09:35:15,22.34,83700,22.35,卖盘
300433,蓝思科技,09:35:12,22.35,211700,22.37,卖盘
300433,蓝思科技,09:35:09,22.37,30200,22.38,卖盘
300433,蓝思科技,09:35:06,22.38,145200,22.4,卖盘
300433,蓝思科技,09:35:03,22.4,30100,22.37,买盘
300433,蓝思科技,09:34:57,22.43,40900,22.36,买盘
300433,蓝思科技,09:34:54,22.36,80000,22.36,买盘
300433,蓝思科技,09:34:51,22.36,25100,22.32,买盘
300433,蓝思科技,09:34:48,22.32,114500,22.42,卖盘
300433,蓝思科技,09:34:45,22.42,401300,22.33,买盘
300433,蓝思科技,09:34:42,22.33,104900,22.34,卖盘
300433,蓝思科技,09:34:39,22.34,83000,22.32,买盘
300433,蓝思科技,09:34:36,22.32,68100,22.32,卖盘
300433,蓝思科技,09:34:30,22.31,86500,22.31,卖盘
300433,蓝思科技,09:34:27,22.31,26600,22.34,中性盘
300433,蓝思科技,09:34:24,22.34,24000,22.27,买盘
300433,蓝思科技,09:34:21,22.27,43000,22.32,卖盘
300433,蓝思科技,09:34:18,22.32,32900,22.35,卖盘
300433,蓝思科技,09:34:15,22.35,62300,22.3,买盘
300433,蓝思科技,09:34:12,22.3,86700,22.34,卖盘
300433,蓝思科技,09:34:09,22.34,56900,22.34,卖盘
300433,蓝思科技,09:34:06,22.34,36900,22.4,卖盘
300433,蓝思科技,09:34:03,22.4,354800,22.33,买盘
300433,蓝思科技,09:34:00,22.33,111700,22.34,卖盘
300433,蓝思科技,09:33:57,22.34,42000,22.32,买盘
300433,蓝思科技,09:33:54,22.32,32400,22.3,买盘
300433,蓝思科技,09:33:48,22.3,35700,22.3,卖盘
300433,蓝思科技,09:33:45,22.3,229718,22.26,买盘
300433,蓝思科技,09:33:42,22.26,25700,22.26,买盘
300433,蓝思科技,09:33:39,22.26,39508,22.25,买盘
300433,蓝思科技,09:33:33,22.27,34300,22.27,卖盘
300433,蓝思科技,09:33:30,22.27,128400,22.25,买盘
300433,蓝思科技,09:33:27,22.25,120500,22.2,买盘
300433,蓝思科技,09:33:24,22.2,60100,22.22,卖盘
300433,蓝思科技,09:33:21,22.22,53400,22.22,买盘
300433,蓝思科技,09:33:15,22.21,38300,22.22,卖盘
300433,蓝思科技,09:33:12,22.22,34700,22.27,卖盘
300433,蓝思科技,09:33:09,22.27,85300,22.23,买盘
300433,蓝思科技,09:33:06,22.23,59700,22.22,买盘
300433,蓝思科技,09:33:03,22.22,74600,22.19,中性盘
300433,蓝思科技,09:33:00,22.19,114700,22.22,卖盘
300433,蓝思科技,09:32:57,22.22,54232,22.22,买盘
300433,蓝思科技,09:32:54,22.22,43368,22.22,卖盘
300433,蓝思科技,09:32:48,22.23,27700,22.2,买盘
300433,蓝思科技,09:32:45,22.2,61900,22.24,卖盘
300433,蓝思科技,09:32:39,22.21,27700,22.2,买盘
300433,蓝思科技,09:32:36,22.2,33500,22.19,中性盘
300433,蓝思科技,09:32:33,22.19,29800,22.19,卖盘
300433,蓝思科技,09:32:30,22.19,77087,22.19,买盘
300433,蓝思科技,09:32:27,22.19,33500,22.15,买盘
300433,蓝思科技,09:32:24,22.15,155545,22.1,买盘
300433,蓝思科技,09:32:21,22.1,58713,22.09,买盘
300433,蓝思科技,09:32:15,22.09,53300,22.09,买盘
300433,蓝思科技,09:32:12,22.09,57300,22.09,卖盘
300433,蓝思科技,09:32:09,22.09,23800,22.09,卖盘
300433,蓝思科技,09:32:06,22.09,29100,22.11,卖盘
300433,蓝思科技,09:32:03,22.11,33500,22.1,买盘
300433,蓝思科技,09:31:57,22.06,121200,22.11,卖盘
300433,蓝思科技,09:31:54,22.11,27700,22.12,买盘
300433,蓝思科技,09:31:51,22.12,48500,22.12,卖盘
300433,蓝思科技,09:31:48,22.12,41600,22.06,买盘
300433,蓝思科技,09:31:45,22.06,103200,22.12,卖盘
300433,蓝思科技,09:31:36,22.2,62000,22.12,买盘
300433,蓝思科技,09:31:33,22.12,30600,22.1,买盘
300433,蓝思科技,09:31:24,22.06,178800,22.05,买盘
300433,蓝思科技,09:31:21,22.05,245700,22.07,卖盘
300433,蓝思科技,09:31:15,22.05,55900,22.05,买盘
300433,蓝思科技,09:31:12,22.05,25200,22.06,中性盘
300433,蓝思科技,09:31:06,22.02,37000,22.02,买盘
300433,蓝思科技,09:31:03,22.02,138600,22.0,买盘
300433,蓝思科技,09:31:00,22.0,72500,22.04,卖盘
300433,蓝思科技,09:30:51,22.02,37700,22.0,买盘
300433,蓝思科技,09:30:48,22.0,28000,21.96,买盘
300433,蓝思科技,09:30:42,21.93,69600,21.91,中性盘
300433,蓝思科技,09:30:39,21.91,24400,21.9,中性盘
300433,蓝思科技,09:30:30,21.88,95300,21.87,买盘
300433,蓝思科技,09:30:27,21.87,28400,21.83,买盘
300433,蓝思科技,09:30:18,21.86,47200,21.91,卖盘
300433,蓝思科技,09:30:15,21.91,24000,21.96,买盘
300433,蓝思科技,09:30:09,21.86,199100,21.85,中性盘
300433,蓝思科技,09:30:06,21.85,79600,21.82,中性盘
300433,蓝思科技,09:30:03,21.82,181040,21.76,买盘
300433,蓝思科技,09:25:03,21.76,428600,0.0,卖盘
