code,name,time,price,volume,preprice,type
600827,百联股份,15:00:00,14.73,868554,14.73,买盘
600827,百联股份,14:56:58,14.73,202700,14.73,卖盘
600827,百联股份,14:55:10,14.72,97400,14.73,买盘
600827,百联股份,14:54:58,14.73,130300,14.72,买盘
600827,百联股份,14:54:31,14.72,48400,14.73,卖盘
600827,百联股份,14:53:13,14.73,157800,14.73,卖盘
600827,百联股份,14:53:07,14.73,218556,14.72,买盘
600827,百联股份,14:53:04,14.72,36900,14.7,买盘
600827,百联股份,14:52:58,14.71,234136,14.73,卖盘
600827,百联股份,14:52:52,14.72,147500,14.72,卖盘
600827,百联股份,14:52:46,14.72,52700,14.72,卖盘
600827,百联股份,14:52:43,14.72,122664,14.72,买盘
600827,百联股份,14:52:19,14.72,245900,14.72,买盘
600827,百联股份,14:52:10,14.71,159500,14.72,卖盘
600827,百联股份,14:52:07,14.72,58264,14.72,买盘
600827,百联股份,14:52:04,14.72,45900,14.72,买盘
600827,百联股份,14:51:55,14.72,99936,14.73,卖盘
600827,百联股份,14:51:19,14.72,81200,14.73,卖盘
600827,百联股份,14:50:49,14.72,137400,14.73,卖盘
600827,百联股份,14:49:46,14.72,40300,14.71,买盘
600827,百联股份,14:48:49,14.73,57600,14.71,买盘
600827,百联股份,14:47:49,14.72,35100,14.73,卖盘
600827,百联股份,14:46:52,14.72,52600,14.73,卖盘
600827,百联股份,14:45:34,14.69,95175,14.68,买盘
600827,百联股份,14:45:16,14.67,58800,14.69,卖盘
600827,百联股份,14:44:52,14.69,71225,14.72,卖盘
600827,百联股份,14:44:01,14.72,61700,14.71,买盘
600827,百联股份,14:42:40,14.72,71300,14.73,卖盘
600827,百联股份,14:40:55,14.73,41834,14.73,买盘
600827,百联股份,14:40:13,14.73,53200,14.73,卖盘
600827,百联股份,14:40:04,14.73,37066,14.73,买盘
600827,百联股份,14:39:52,14.72,34700,14.72,卖盘
600827,百联股份,14:39:49,14.72,137600,14.73,卖盘
600827,百联股份,14:39:13,14.73,36800,14.73,买盘
600827,百联股份,14:38:25,14.73,43800,14.73,买盘
600827,百联股份,14:37:16,14.72,73000,14.73,卖盘
600827,百联股份,14:37:10,14.73,61800,14.73,买盘
600827,百联股份,14:36:43,14.73,44900,14.73,买盘
600827,百联股份,14:34:58,14.72,39663,14.73,买盘
600827,百联股份,14:34:22,14.73,50800,14.73,卖盘
600827,百联股份,14:33:25,14.73,36100,14.72,买盘
600827,百联股份,14:32:49,14.71,49500,14.73,卖盘
600827,百联股份,14:31:49,14.73,78216,14.73,卖盘
600827,百联股份,14:31:34,14.73,37375,14.73,买盘
600827,百联股份,14:30:19,14.73,162100,14.73,买盘
600827,百联股份,14:28:43,14.62,70400,14.67,卖盘
600827,百联股份,14:28:19,14.68,41100,14.68,买盘
600827,百联股份,14:27:40,14.68,61300,14.7,卖盘
600827,百联股份,14:26:37,14.69,97500,14.69,买盘
600827,百联股份,14:25:46,14.72,36961,14.73,买盘
600827,百联股份,14:24:49,14.73,63600,14.73,卖盘
600827,百联股份,14:24:25,14.69,75000,14.73,卖盘
600827,百联股份,14:23:58,14.73,101414,14.73,买盘
600827,百联股份,14:23:49,14.72,46000,14.73,卖盘
600827,百联股份,14:23:46,14.73,69200,14.73,买盘
600827,百联股份,14:23:43,14.73,87100,14.73,买盘
600827,百联股份,14:23:40,14.73,233300,14.73,买盘
600827,百联股份,14:23:37,14.73,188700,14.73,买盘
600827,百联股份,14:23:34,14.73,414800,14.73,买盘
600827,百联股份,14:23:31,14.73,341800,14.73,买盘
600827,百联股份,14:23:07,14.73,38800,14.73,买盘
600827,百联股份,14:23:04,14.73,46500,14.73,买盘
600827,百联股份,14:23:01,14.73,210100,14.72,买盘
600827,百联股份,14:21:37,14.68,35100,14.71,卖盘
600827,百联股份,14:21:31,14.68,35600,14.7,卖盘
600827,百联股份,14:21:22,14.68,47400,14.7,卖盘
600827,百联股份,14:20:55,14.7,38600,14.7,买盘
600827,百联股份,14:20:52,14.7,50400,14.7,买盘
600827,百联股份,14:20:34,14.68,55900,14.68,买盘
600827,百联股份,14:20:25,14.68,66700,14.67,买盘
600827,百联股份,14:19:34,14.68,50700,14.68,中性盘
600827,百联股份,14:19:07,14.65,36000,14.65,买盘
600827,百联股份,14:19:01,14.66,40900,14.66,中性盘
600827,百联股份,14:18:58,14.66,38700,14.66,买盘
600827,百联股份,14:18:46,14.68,70730,14.66,买盘
600827,百联股份,14:18:43,14.66,206962,14.65,买盘
600827,百联股份,14:18:37,14.65,62700,14.66,卖盘
600827,百联股份,14:18:16,14.62,68800,14.66,卖盘
600827,百联股份,14:18:01,14.65,154000,14.63,买盘
600827,百联股份,14:17:58,14.63,110600,14.63,买盘
600827,百联股份,14:17:55,14.63,48200,14.66,卖盘
600827,百联股份,14:17:49,14.66,48400,14.65,买盘
600827,百联股份,14:17:01,14.62,43000,14.61,买盘
600827,百联股份,14:16:37,14.62,43000,14.62,买盘
600827,百联股份,14:16:28,14.63,50700,14.63,买盘
600827,百联股份,14:16:19,14.62,87100,14.6,买盘
600827,百联股份,14:16:16,14.6,101900,14.61,卖盘
600827,百联股份,14:15:43,14.61,45500,14.6,买盘
600827,百联股份,14:15:40,14.6,88200,14.6,卖盘
600827,百联股份,14:15:37,14.6,63900,14.62,卖盘
600827,百联股份,14:15:28,14.61,63600,14.61,买盘
600827,百联股份,14:14:31,14.63,41400,14.63,买盘
600827,百联股份,14:14:19,14.63,51100,14.63,买盘
600827,百联股份,14:12:31,14.63,56600,14.63,买盘
600827,百联股份,14:10:52,14.63,35300,14.62,买盘
600827,百联股份,14:08:49,14.62,43100,14.62,买盘
600827,百联股份,14:08:40,14.6,40800,14.62,卖盘
600827,百联股份,14:08:31,14.63,62100,14.63,买盘
600827,百联股份,14:07:07,14.62,84400,14.61,买盘
600827,百联股份,14:06:58,14.62,43800,14.62,买盘
600827,百联股份,14:06:49,14.63,62800,14.63,买盘
600827,百联股份,14:06:40,14.6,72000,14.63,卖盘
600827,百联股份,14:04:31,14.6,57600,14.63,卖盘
600827,百联股份,14:04:13,14.64,40200,14.64,买盘
600827,百联股份,14:03:04,14.61,62500,14.63,卖盘
600827,百联股份,13:58:52,14.67,40000,14.65,买盘
600827,百联股份,13:58:16,14.64,89600,14.62,买盘
600827,百联股份,13:54:37,14.7,79300,14.65,买盘
600827,百联股份,13:54:13,14.6,35800,14.63,卖盘
600827,百联股份,13:54:10,14.63,107817,14.63,卖盘
600827,百联股份,13:54:04,14.62,100900,14.62,买盘
600827,百联股份,13:52:01,14.6,48200,14.61,卖盘
600827,百联股份,13:50:43,14.61,35300,14.6,买盘
600827,百联股份,13:48:19,14.6,59500,14.6,卖盘
600827,百联股份,13:48:16,14.6,111086,14.62,卖盘
600827,百联股份,13:46:34,14.67,55200,14.64,买盘
600827,百联股份,13:46:31,14.64,37300,14.62,买盘
600827,百联股份,13:45:46,14.65,41900,14.66,卖盘
600827,百联股份,13:45:25,14.65,40000,14.68,卖盘
600827,百联股份,13:42:01,14.69,38900,14.69,卖盘
600827,百联股份,13:41:55,14.7,43900,14.7,买盘
600827,百联股份,13:40:25,14.7,34100,14.7,买盘
600827,百联股份,13:40:04,14.71,63700,14.71,买盘
600827,百联股份,13:39:55,14.7,71700,14.71,卖盘
600827,百联股份,13:39:46,14.71,37700,14.71,买盘
600827,百联股份,13:38:40,14.72,81000,14.72,买盘
600827,百联股份,13:35:52,14.73,36300,14.73,买盘
600827,百联股份,13:32:52,14.72,46700,14.72,买盘
600827,百联股份,13:24:28,14.69,219900,14.71,卖盘
600827,百联股份,13:21:40,14.7,43500,14.7,卖盘
600827,百联股份,13:21:31,14.7,48500,14.7,卖盘
600827,百联股份,13:20:55,14.7,51100,14.69,买盘
600827,百联股份,13:20:34,14.69,46500,14.66,买盘
600827,百联股份,13:19:34,14.65,90500,14.66,卖盘
600827,百联股份,13:19:04,14.68,36500,14.68,买盘
600827,百联股份,13:18:37,14.7,124200,14.71,卖盘
600827,百联股份,13:17:37,14.73,109600,14.72,买盘
600827,百联股份,13:16:28,14.73,78101,14.72,买盘
600827,百联股份,13:16:01,14.67,254200,14.73,卖盘
600827,百联股份,13:15:31,14.73,95210,14.72,买盘
600827,百联股份,13:14:58,14.73,39390,14.73,买盘
600827,百联股份,13:14:37,14.73,46900,14.73,卖盘
600827,百联股份,13:14:34,14.73,62210,14.73,买盘
600827,百联股份,13:14:28,14.73,34200,14.72,买盘
600827,百联股份,13:14:19,14.73,336000,14.73,买盘
600827,百联股份,13:13:31,14.72,51500,14.72,买盘
600827,百联股份,13:13:25,14.72,90100,14.73,卖盘
600827,百联股份,13:13:01,14.73,40200,14.72,买盘
600827,百联股份,13:12:43,14.73,98300,14.73,买盘
600827,百联股份,13:12:37,14.73,138800,14.73,卖盘
600827,百联股份,13:12:25,14.73,820855,14.73,卖盘
600827,百联股份,13:12:16,14.73,135500,14.73,卖盘
600827,百联股份,13:11:52,14.73,91000,14.73,卖盘
600827,百联股份,13:11:31,14.73,72100,14.73,卖盘
600827,百联股份,13:11:28,14.73,343982,14.73,买盘
600827,百联股份,13:11:07,14.7,39700,14.73,卖盘
600827,百联股份,13:10:58,14.73,48000,14.72,买盘
600827,百联股份,13:10:34,14.73,43347,14.73,买盘
600827,百联股份,13:10:31,14.73,48853,14.73,买盘
600827,百联股份,13:10:25,14.73,95700,14.73,卖盘
600827,百联股份,13:10:13,14.73,64600,14.73,卖盘
600827,百联股份,13:10:07,14.73,104600,14.73,卖盘
600827,百联股份,13:10:04,14.73,133683,14.73,买盘
600827,百联股份,13:10:01,14.73,41500,14.73,买盘
600827,百联股份,13:09:58,14.73,52300,14.73,买盘
600827,百联股份,13:09:49,14.73,182300,14.72,买盘
600827,百联股份,13:09:43,14.72,125400,14.73,卖盘
600827,百联股份,13:09:34,14.73,41300,14.73,买盘
600827,百联股份,13:09:01,14.73,61700,14.73,买盘
600827,百联股份,13:08:49,14.73,61800,14.73,买盘
600827,百联股份,13:08:19,14.72,59800,14.72,卖盘
600827,百联股份,13:08:04,14.73,87700,14.73,买盘
600827,百联股份,13:08:01,14.73,43500,14.73,买盘
600827,百联股份,13:07:58,14.73,69900,14.73,买盘
600827,百联股份,13:07:55,14.73,35100,14.73,买盘
600827,百联股份,13:07:52,14.73,44300,14.72,买盘
600827,百联股份,13:07:49,14.72,113000,14.73,卖盘
600827,百联股份,13:07:46,14.73,329500,14.72,买盘
600827,百联股份,13:07:34,14.72,61100,14.72,卖盘
600827,百联股份,13:07:13,14.73,109700,14.72,买盘
600827,百联股份,13:07:07,14.72,63000,14.73,卖盘
600827,百联股份,13:06:22,14.73,91600,14.72,买盘
600827,百联股份,13:06:13,14.72,100400,14.73,卖盘
600827,百联股份,13:05:52,14.72,34100,14.73,卖盘
600827,百联股份,13:05:46,14.72,79600,14.73,卖盘
600827,百联股份,13:05:40,14.73,110600,14.72,买盘
600827,百联股份,13:05:34,14.72,137620,14.72,买盘
600827,百联股份,13:04:31,14.7,54100,14.72,卖盘
600827,百联股份,13:04:13,14.71,38300,14.71,卖盘
600827,百联股份,13:03:58,14.71,46200,14.71,卖盘
600827,百联股份,13:03:40,14.68,383100,14.72,卖盘
600827,百联股份,13:03:37,14.72,121138,14.68,买盘
600827,百联股份,13:02:58,14.69,72200,14.68,买盘
600827,百联股份,13:02:28,14.7,51400,14.7,买盘
600827,百联股份,13:02:22,14.71,114500,14.66,买盘
600827,百联股份,13:02:13,14.68,43700,14.71,卖盘
600827,百联股份,13:02:10,14.71,38400,14.71,买盘
600827,百联股份,13:02:04,14.72,47000,14.72,买盘
600827,百联股份,13:02:01,14.72,35000,14.73,卖盘
600827,百联股份,13:01:58,14.73,131000,14.73,买盘
600827,百联股份,13:01:55,14.73,567400,14.73,买盘
600827,百联股份,13:01:52,14.73,39200,14.73,买盘
600827,百联股份,13:01:49,14.73,327800,14.73,买盘
600827,百联股份,13:01:46,14.73,216800,14.73,买盘
600827,百联股份,13:01:43,14.73,353100,14.72,买盘
600827,百联股份,13:01:40,14.72,160200,14.69,买盘
600827,百联股份,13:01:37,14.69,36300,14.66,买盘
600827,百联股份,13:01:34,14.66,515600,14.66,买盘
600827,百联股份,13:01:31,14.66,42900,14.65,买盘
600827,百联股份,13:01:28,14.65,34300,14.63,买盘
600827,百联股份,13:01:19,14.63,51700,14.61,买盘
600827,百联股份,13:01:10,14.6,274258,14.59,买盘
600827,百联股份,13:01:04,14.57,43600,14.6,卖盘
600827,百联股份,13:00:40,14.6,73300,14.5,买盘
600827,百联股份,13:00:37,14.5,68437,14.55,卖盘
600827,百联股份,13:00:19,14.6,53600,14.51,买盘
600827,百联股份,13:00:07,14.51,151996,14.6,卖盘
600827,百联股份,13:00:04,14.6,1118776,14.4,买盘
600827,百联股份,13:00:00,14.4,223065,14.41,卖盘
600827,百联股份,11:28:54,14.4,80854,14.45,卖盘
600827,百联股份,11:28:03,14.45,42081,14.44,买盘
600827,百联股份,11:27:39,14.47,55200,14.46,买盘
600827,百联股份,11:26:39,14.51,41400,14.52,中性盘
600827,百联股份,11:26:36,14.52,72100,14.52,卖盘
600827,百联股份,11:26:06,14.5,66500,14.53,卖盘
600827,百联股份,11:24:27,14.58,108000,14.6,卖盘
600827,百联股份,11:24:21,14.6,63080,14.61,卖盘
600827,百联股份,11:24:03,14.63,38300,14.62,买盘
600827,百联股份,11:23:18,14.62,34600,14.64,卖盘
600827,百联股份,11:21:18,14.69,202600,14.7,卖盘
600827,百联股份,11:21:00,14.71,219900,14.7,买盘
600827,百联股份,11:20:48,14.7,43200,14.7,卖盘
600827,百联股份,11:20:45,14.7,83100,14.7,卖盘
600827,百联股份,11:20:39,14.7,92100,14.67,买盘
600827,百联股份,11:20:09,14.65,47000,14.67,卖盘
600827,百联股份,11:19:36,14.7,280600,14.67,买盘
600827,百联股份,11:19:30,14.66,50900,14.67,卖盘
600827,百联股份,11:19:21,14.66,193300,14.59,买盘
600827,百联股份,11:19:18,14.59,36100,14.59,买盘
600827,百联股份,11:18:00,14.57,56100,14.57,买盘
600827,百联股份,11:17:42,14.56,125100,14.57,卖盘
600827,百联股份,11:16:42,14.56,63600,14.55,买盘
600827,百联股份,11:16:12,14.68,165900,14.7,卖盘
600827,百联股份,11:16:06,14.7,71900,14.69,买盘
600827,百联股份,11:15:48,14.71,34600,14.71,卖盘
600827,百联股份,11:15:45,14.71,47400,14.72,卖盘
600827,百联股份,11:15:36,14.72,40200,14.71,买盘
600827,百联股份,11:15:33,14.71,34500,14.72,卖盘
600827,百联股份,11:15:27,14.72,156300,14.7,买盘
600827,百联股份,11:15:21,14.72,36400,14.7,买盘
600827,百联股份,11:15:18,14.7,35800,14.72,卖盘
600827,百联股份,11:15:15,14.72,311500,14.69,买盘
600827,百联股份,11:15:06,14.69,48200,14.64,买盘
600827,百联股份,11:14:57,14.68,50600,14.6,买盘
600827,百联股份,11:14:54,14.6,103859,14.55,买盘
600827,百联股份,11:14:42,14.55,53800,14.55,卖盘
600827,百联股份,11:14:36,14.55,173849,14.49,买盘
600827,百联股份,11:14:33,14.49,46200,14.49,中性盘
600827,百联股份,11:14:15,14.47,56300,14.49,卖盘
600827,百联股份,11:14:00,14.48,40400,14.46,买盘
600827,百联股份,11:13:48,14.46,40800,14.48,卖盘
600827,百联股份,11:13:33,14.5,404400,14.53,中性盘
600827,百联股份,11:13:30,14.53,49200,14.5,买盘
600827,百联股份,11:13:21,14.5,38900,14.53,买盘
600827,百联股份,11:13:18,14.53,53000,14.5,买盘
600827,百联股份,11:13:15,14.5,49200,14.47,买盘
600827,百联股份,11:12:57,14.48,85800,14.48,买盘
600827,百联股份,11:12:36,14.47,39900,14.46,买盘
600827,百联股份,11:12:18,14.45,74200,14.46,卖盘
600827,百联股份,11:12:15,14.46,38600,14.45,买盘
600827,百联股份,11:12:06,14.45,41900,14.45,买盘
600827,百联股份,11:11:48,14.47,124700,14.46,买盘
600827,百联股份,11:11:24,14.45,36900,14.44,买盘
600827,百联股份,11:10:48,14.48,154200,14.49,卖盘
600827,百联股份,11:10:39,14.47,432700,14.48,卖盘
600827,百联股份,11:10:36,14.48,38300,14.48,买盘
600827,百联股份,11:10:30,14.47,88736,14.36,买盘
600827,百联股份,11:10:27,14.36,38100,14.44,卖盘
600827,百联股份,11:10:24,14.44,392564,14.47,卖盘
600827,百联股份,11:10:15,14.46,117500,14.34,买盘
600827,百联股份,11:10:12,14.34,56000,14.37,卖盘
600827,百联股份,11:10:06,14.37,348500,14.39,卖盘
600827,百联股份,11:09:57,14.37,85600,14.37,卖盘
600827,百联股份,11:09:51,14.37,145900,14.33,买盘
600827,百联股份,11:09:42,14.33,80522,14.32,买盘
600827,百联股份,11:09:36,14.32,50800,14.3,买盘
600827,百联股份,11:09:21,14.33,71300,14.33,买盘
600827,百联股份,11:09:12,14.33,37000,14.34,卖盘
600827,百联股份,11:09:00,14.36,108000,14.37,卖盘
600827,百联股份,11:08:39,14.36,257400,14.38,卖盘
600827,百联股份,11:08:36,14.38,34800,14.39,卖盘
600827,百联股份,11:08:27,14.4,93400,14.42,卖盘
600827,百联股份,11:08:24,14.42,37200,14.4,买盘
600827,百联股份,11:08:21,14.4,88200,14.4,卖盘
600827,百联股份,11:08:18,14.4,50000,14.43,卖盘
600827,百联股份,11:07:51,14.44,47400,14.44,买盘
600827,百联股份,11:07:45,14.44,42100,14.46,卖盘
600827,百联股份,11:07:36,14.47,51600,14.47,买盘
600827,百联股份,11:07:27,14.47,178500,14.48,卖盘
600827,百联股份,11:07:18,14.49,38100,14.47,买盘
600827,百联股份,11:07:15,14.47,83100,14.37,中性盘
600827,百联股份,11:07:12,14.37,231969,14.44,卖盘
600827,百联股份,11:07:09,14.44,72331,14.48,卖盘
600827,百联股份,11:07:06,14.48,109400,14.46,买盘
600827,百联股份,11:07:00,14.46,39069,14.45,买盘
600827,百联股份,11:06:48,14.42,43300,14.4,买盘
600827,百联股份,11:06:42,14.39,142500,14.38,买盘
600827,百联股份,11:06:30,14.34,51400,14.37,卖盘
600827,百联股份,11:06:27,14.37,48000,14.37,买盘
600827,百联股份,11:06:12,14.35,38600,14.39,卖盘
600827,百联股份,11:06:09,14.39,40700,14.35,买盘
600827,百联股份,11:06:03,14.36,45000,14.35,买盘
600827,百联股份,11:05:57,14.35,51700,14.33,买盘
600827,百联股份,11:05:51,14.34,38400,14.33,中性盘
600827,百联股份,11:05:45,14.35,277100,14.3,买盘
600827,百联股份,11:05:42,14.3,419700,14.28,买盘
600827,百联股份,11:05:39,14.28,44100,14.29,卖盘
600827,百联股份,11:05:36,14.29,44100,14.27,买盘
600827,百联股份,11:05:30,14.27,93717,14.26,买盘
600827,百联股份,11:05:27,14.26,108500,14.26,卖盘
600827,百联股份,11:05:18,14.27,42600,14.28,中性盘
600827,百联股份,11:05:15,14.28,613200,14.28,买盘
600827,百联股份,11:05:03,14.25,138900,14.29,卖盘
600827,百联股份,11:05:00,14.29,54800,14.28,买盘
600827,百联股份,11:04:57,14.28,54900,14.29,卖盘
600827,百联股份,11:04:54,14.29,63500,14.3,中性盘
600827,百联股份,11:04:48,14.3,88900,14.3,卖盘
600827,百联股份,11:04:45,14.3,84000,14.31,卖盘
600827,百联股份,11:04:36,14.31,75000,14.3,买盘
600827,百联股份,11:04:33,14.3,57200,14.3,买盘
600827,百联股份,11:04:30,14.3,231300,14.36,卖盘
600827,百联股份,11:04:27,14.36,121153,14.36,买盘
600827,百联股份,11:04:24,14.36,129300,14.35,买盘
600827,百联股份,11:04:18,14.35,363800,14.28,买盘
600827,百联股份,11:04:09,14.28,132700,14.3,卖盘
600827,百联股份,11:04:06,14.3,50900,14.32,卖盘
600827,百联股份,11:04:00,14.3,164200,14.34,卖盘
600827,百联股份,11:03:51,14.36,73047,14.37,买盘
600827,百联股份,11:03:48,14.37,66300,14.39,卖盘
600827,百联股份,11:03:39,14.38,56753,14.38,买盘
600827,百联股份,11:03:36,14.38,46100,14.4,卖盘
600827,百联股份,11:03:33,14.4,95100,14.36,买盘
600827,百联股份,11:03:24,14.38,209100,14.34,买盘
600827,百联股份,11:03:21,14.34,45400,14.35,卖盘
600827,百联股份,11:03:18,14.35,327000,14.28,买盘
600827,百联股份,11:03:15,14.28,35700,14.28,卖盘
600827,百联股份,11:03:12,14.28,54600,14.28,买盘
600827,百联股份,11:03:09,14.28,39900,14.28,买盘
600827,百联股份,11:03:06,14.28,177513,14.3,卖盘
600827,百联股份,11:03:03,14.3,323600,14.3,卖盘
600827,百联股份,11:03:00,14.3,594087,14.24,买盘
600827,百联股份,11:02:48,14.3,60700,14.33,卖盘
600827,百联股份,11:02:45,14.33,525800,14.32,中性盘
600827,百联股份,11:02:42,14.32,93700,14.35,卖盘
600827,百联股份,11:02:39,14.35,49200,14.34,买盘
600827,百联股份,11:02:33,14.35,445700,14.36,卖盘
600827,百联股份,11:02:27,14.36,121800,14.38,卖盘
600827,百联股份,11:02:15,14.39,35800,14.4,买盘
600827,百联股份,11:02:09,14.39,228900,14.4,卖盘
600827,百联股份,11:02:03,14.4,101300,14.42,卖盘
600827,百联股份,11:02:00,14.42,59100,14.4,买盘
600827,百联股份,11:01:57,14.4,221000,14.37,买盘
600827,百联股份,11:01:54,14.37,40800,14.38,卖盘
600827,百联股份,11:01:51,14.38,40900,14.39,卖盘
600827,百联股份,11:01:42,14.45,335500,14.42,买盘
600827,百联股份,11:01:39,14.42,75300,14.45,卖盘
600827,百联股份,11:01:36,14.45,131700,14.47,卖盘
600827,百联股份,11:01:30,14.48,98500,14.5,卖盘
600827,百联股份,11:01:15,14.53,36242,14.5,中性盘
600827,百联股份,11:01:12,14.5,87200,14.53,卖盘
600827,百联股份,11:01:09,14.53,140200,14.46,买盘
600827,百联股份,11:01:03,14.48,49800,14.47,买盘
600827,百联股份,11:00:57,14.46,68300,14.46,卖盘
600827,百联股份,11:00:51,14.47,80000,14.44,买盘
600827,百联股份,11:00:42,14.44,195100,14.41,买盘
600827,百联股份,11:00:36,14.41,56600,14.44,卖盘
600827,百联股份,11:00:24,14.44,67600,14.38,中性盘
600827,百联股份,11:00:15,14.4,182400,14.38,中性盘
600827,百联股份,11:00:12,14.38,177400,14.39,卖盘
600827,百联股份,11:00:06,14.37,71000,14.38,卖盘
600827,百联股份,11:00:03,14.38,60800,14.47,中性盘
600827,百联股份,11:00:00,14.47,175400,14.35,买盘
600827,百联股份,10:59:57,14.35,545500,14.31,买盘
600827,百联股份,10:59:54,14.31,41900,14.33,卖盘
600827,百联股份,10:59:48,14.4,314000,14.35,买盘
600827,百联股份,10:59:45,14.35,57600,14.37,中性盘
600827,百联股份,10:59:39,14.35,37300,14.32,买盘
600827,百联股份,10:59:30,14.35,477100,14.51,卖盘
600827,百联股份,10:59:27,14.51,320960,14.55,卖盘
600827,百联股份,10:59:24,14.55,177100,14.55,买盘
600827,百联股份,10:59:21,14.55,167018,14.56,中性盘
600827,百联股份,10:59:15,14.56,81400,14.56,买盘
600827,百联股份,10:59:12,14.56,191041,14.59,卖盘
600827,百联股份,10:59:09,14.59,58300,14.64,卖盘
600827,百联股份,10:59:06,14.64,42300,14.6,买盘
600827,百联股份,10:59:00,14.59,293241,14.62,卖盘
600827,百联股份,10:58:57,14.62,136400,14.6,买盘
600827,百联股份,10:58:54,14.6,87300,14.61,卖盘
600827,百联股份,10:58:51,14.61,51800,14.6,买盘
600827,百联股份,10:58:48,14.6,122900,14.6,买盘
600827,百联股份,10:58:45,14.6,51059,14.58,买盘
600827,百联股份,10:58:42,14.58,92400,14.59,卖盘
600827,百联股份,10:58:39,14.59,55900,14.59,买盘
600827,百联股份,10:58:36,14.59,71700,14.58,买盘
600827,百联股份,10:58:33,14.58,57900,14.57,买盘
600827,百联股份,10:58:27,14.57,88300,14.55,买盘
600827,百联股份,10:58:24,14.55,34600,14.56,卖盘
600827,百联股份,10:58:21,14.56,77000,14.55,买盘
600827,百联股份,10:58:18,14.55,100000,14.56,卖盘
600827,百联股份,10:58:15,14.56,54600,14.54,买盘
600827,百联股份,10:58:12,14.54,148522,14.57,卖盘
600827,百联股份,10:58:09,14.57,64100,14.52,买盘
600827,百联股份,10:58:06,14.52,277500,14.55,卖盘
600827,百联股份,10:58:00,14.56,84800,14.55,买盘
600827,百联股份,10:57:57,14.55,278500,14.55,卖盘
600827,百联股份,10:57:54,14.55,108000,14.55,卖盘
600827,百联股份,10:57:51,14.55,114400,14.55,卖盘
600827,百联股份,10:57:48,14.55,71700,14.56,卖盘
600827,百联股份,10:57:45,14.56,74700,14.56,买盘
600827,百联股份,10:57:42,14.56,76500,14.56,卖盘
600827,百联股份,10:57:36,14.59,58600,14.6,卖盘
600827,百联股份,10:57:33,14.6,49500,14.61,卖盘
600827,百联股份,10:57:30,14.61,98000,14.6,买盘
600827,百联股份,10:57:27,14.6,87800,14.6,卖盘
600827,百联股份,10:57:24,14.6,90100,14.62,卖盘
600827,百联股份,10:57:21,14.62,48200,14.64,中性盘
600827,百联股份,10:57:18,14.64,107600,14.62,买盘
600827,百联股份,10:57:15,14.62,44100,14.63,卖盘
600827,百联股份,10:57:12,14.63,126000,14.64,中性盘
600827,百联股份,10:57:09,14.64,134300,14.64,买盘
600827,百联股份,10:57:06,14.64,42100,14.64,买盘
600827,百联股份,10:57:03,14.64,167900,14.65,卖盘
600827,百联股份,10:57:00,14.65,69641,14.66,卖盘
600827,百联股份,10:56:57,14.66,45659,14.65,买盘
600827,百联股份,10:56:54,14.65,67141,14.65,卖盘
600827,百联股份,10:56:42,14.65,58500,14.7,卖盘
600827,百联股份,10:56:39,14.7,122331,14.71,卖盘
600827,百联股份,10:56:18,14.7,71000,14.71,卖盘
600827,百联股份,10:56:00,14.73,509832,14.73,买盘
600827,百联股份,10:55:48,14.73,39300,14.73,卖盘
600827,百联股份,10:55:45,14.73,71188,14.73,卖盘
600827,百联股份,10:55:36,14.73,167880,14.7,买盘
600827,百联股份,10:55:33,14.7,185500,14.68,买盘
600827,百联股份,10:55:24,14.7,223300,14.72,卖盘
600827,百联股份,10:55:21,14.72,45200,14.72,买盘
600827,百联股份,10:55:15,14.72,49700,14.72,卖盘
600827,百联股份,10:55:09,14.73,105100,14.73,买盘
600827,百联股份,10:55:03,14.73,76817,14.73,买盘
600827,百联股份,10:55:00,14.73,118100,14.73,卖盘
600827,百联股份,10:54:57,14.73,80200,14.73,卖盘
600827,百联股份,10:54:54,14.73,118150,14.73,卖盘
600827,百联股份,10:54:51,14.73,65633,14.73,卖盘
600827,百联股份,10:54:45,14.73,58800,14.73,卖盘
600827,百联股份,10:54:42,14.73,108300,14.73,卖盘
600827,百联股份,10:54:39,14.73,64500,14.73,卖盘
600827,百联股份,10:54:36,14.73,96714,14.73,买盘
600827,百联股份,10:54:33,14.73,105400,14.73,买盘
600827,百联股份,10:54:30,14.73,141200,14.72,买盘
600827,百联股份,10:54:27,14.72,60300,14.7,买盘
600827,百联股份,10:54:24,14.7,50600,14.71,卖盘
600827,百联股份,10:54:09,14.7,40700,14.73,卖盘
600827,百联股份,10:54:06,14.73,661886,14.73,买盘
600827,百联股份,10:54:03,14.73,188700,14.73,卖盘
600827,百联股份,10:54:00,14.73,308027,14.73,卖盘
600827,百联股份,10:53:57,14.73,185000,14.73,卖盘
600827,百联股份,10:53:54,14.73,151600,14.73,卖盘
600827,百联股份,10:53:48,14.73,81700,14.73,卖盘
600827,百联股份,10:53:42,14.73,45100,14.73,卖盘
600827,百联股份,10:53:24,14.73,63500,14.73,卖盘
600827,百联股份,10:53:18,14.73,73400,14.73,卖盘
600827,百联股份,10:53:15,14.73,61000,14.73,卖盘
600827,百联股份,10:53:00,14.73,105000,14.73,卖盘
600827,百联股份,10:52:21,14.73,128300,14.73,卖盘
600827,百联股份,10:52:15,14.73,45300,14.73,卖盘
600827,百联股份,10:52:09,14.73,56350,14.73,卖盘
600827,百联股份,10:51:45,14.73,106700,14.73,卖盘
600827,百联股份,10:50:24,14.73,193800,14.73,卖盘
600827,百联股份,10:50:18,14.73,101000,14.73,卖盘
600827,百联股份,10:50:09,14.73,65100,14.73,卖盘
600827,百联股份,10:49:18,14.73,38100,14.73,卖盘
600827,百联股份,10:48:42,14.73,40800,14.73,卖盘
600827,百联股份,10:48:36,14.73,40200,14.73,卖盘
600827,百联股份,10:48:30,14.73,54600,14.73,卖盘
600827,百联股份,10:47:48,14.73,62661,14.73,卖盘
600827,百联股份,10:47:21,14.73,500000,14.73,卖盘
600827,百联股份,10:46:54,14.73,34800,14.73,卖盘
600827,百联股份,10:46:51,14.73,230500,14.73,卖盘
600827,百联股份,10:46:30,14.73,796500,14.73,卖盘
600827,百联股份,10:45:54,14.73,173100,14.73,卖盘
600827,百联股份,10:45:48,14.73,68700,14.73,卖盘
600827,百联股份,10:45:42,14.73,254300,14.73,卖盘
600827,百联股份,10:45:39,14.73,82800,14.73,卖盘
600827,百联股份,10:45:36,14.73,111000,14.73,卖盘
600827,百联股份,10:45:24,14.73,243600,14.73,买盘
600827,百联股份,10:45:21,14.73,51600,14.73,买盘
600827,百联股份,10:45:18,14.73,73600,14.7,买盘
600827,百联股份,10:45:15,14.7,45800,14.66,买盘
600827,百联股份,10:45:12,14.66,60900,14.63,买盘
600827,百联股份,10:45:09,14.63,34773,14.62,买盘
600827,百联股份,10:45:06,14.62,54100,14.59,买盘
600827,百联股份,10:45:03,14.59,132900,14.63,卖盘
600827,百联股份,10:45:00,14.63,161700,14.62,买盘
600827,百联股份,10:44:54,14.62,47800,14.6,买盘
600827,百联股份,10:44:51,14.6,67900,14.62,卖盘
600827,百联股份,10:44:48,14.62,127600,14.6,买盘
600827,百联股份,10:44:42,14.63,38300,14.6,中性盘
600827,百联股份,10:44:39,14.6,50700,14.64,中性盘
600827,百联股份,10:44:36,14.64,172500,14.6,买盘
600827,百联股份,10:44:33,14.6,129800,14.63,卖盘
600827,百联股份,10:44:27,14.63,49700,14.67,卖盘
600827,百联股份,10:44:15,14.69,77400,14.73,卖盘
600827,百联股份,10:44:12,14.73,1113846,14.73,买盘
600827,百联股份,10:44:09,14.73,305800,14.73,卖盘
600827,百联股份,10:44:06,14.73,1206500,14.73,卖盘
600827,百联股份,10:44:03,14.73,78791,14.73,卖盘
600827,百联股份,10:44:00,14.73,165800,14.73,卖盘
600827,百联股份,10:43:57,14.73,173289,14.73,卖盘
600827,百联股份,10:43:54,14.73,76466,14.73,卖盘
600827,百联股份,10:43:51,14.73,386700,14.73,卖盘
600827,百联股份,10:43:48,14.73,119544,14.73,卖盘
600827,百联股份,10:43:45,14.73,1087100,14.73,卖盘
600827,百联股份,10:43:42,14.73,451200,14.73,卖盘
600827,百联股份,10:28:36,14.73,34300,14.73,卖盘
600827,百联股份,10:27:54,14.73,46300,14.73,卖盘
600827,百联股份,10:27:18,14.73,53200,14.73,卖盘
600827,百联股份,10:27:00,14.73,55800,14.73,卖盘
600827,百联股份,10:20:51,14.73,44278,14.73,卖盘
600827,百联股份,10:12:15,14.73,110200,14.73,卖盘
600827,百联股份,09:53:21,14.73,48694,14.73,卖盘
600827,百联股份,09:53:06,14.73,300700,14.73,卖盘
600827,百联股份,09:53:00,14.73,338500,14.73,卖盘
600827,百联股份,09:52:00,14.73,40000,14.73,卖盘
600827,百联股份,09:51:18,14.73,90600,14.73,卖盘
600827,百联股份,09:51:06,14.73,37900,14.73,卖盘
600827,百联股份,09:50:36,14.73,78100,14.73,卖盘
600827,百联股份,09:50:24,14.73,108300,14.73,卖盘
600827,百联股份,09:50:15,14.73,239728,14.73,买盘
600827,百联股份,09:50:12,14.73,345400,14.7,买盘
600827,百联股份,09:50:09,14.7,40900,14.73,卖盘
600827,百联股份,09:50:06,14.73,73500,14.71,买盘
600827,百联股份,09:50:00,14.7,49392,14.73,卖盘
600827,百联股份,09:49:45,14.73,357743,14.73,买盘
600827,百联股份,09:49:42,14.73,283600,14.73,卖盘
600827,百联股份,09:49:39,14.73,250205,14.73,卖盘
600827,百联股份,09:49:36,14.73,689600,14.73,卖盘
600827,百联股份,09:49:33,14.73,227869,14.73,卖盘
600827,百联股份,09:49:27,14.73,303200,14.73,卖盘
600827,百联股份,09:49:18,14.73,306300,14.73,卖盘
600827,百联股份,09:49:15,14.73,208800,14.73,卖盘
600827,百联股份,09:49:12,14.73,310600,14.73,卖盘
600827,百联股份,09:48:57,14.73,42500,14.73,卖盘
600827,百联股份,09:48:48,14.73,232302,14.73,卖盘
600827,百联股份,09:48:45,14.73,36200,14.73,卖盘
600827,百联股份,09:48:42,14.73,34278,14.73,卖盘
600827,百联股份,09:48:39,14.73,86000,14.73,卖盘
600827,百联股份,09:48:33,14.73,68600,14.73,卖盘
600827,百联股份,09:48:30,14.73,148300,14.73,卖盘
600827,百联股份,09:48:27,14.73,47400,14.73,卖盘
600827,百联股份,09:48:24,14.73,57300,14.73,卖盘
600827,百联股份,09:48:21,14.73,576711,14.7,买盘
600827,百联股份,09:48:18,14.7,53200,14.72,卖盘
600827,百联股份,09:48:15,14.72,75600,14.7,买盘
600827,百联股份,09:48:12,14.7,38500,14.7,买盘
600827,百联股份,09:48:09,14.7,192057,14.73,卖盘
600827,百联股份,09:47:57,14.73,54900,14.73,买盘
600827,百联股份,09:47:54,14.73,60100,14.73,卖盘
600827,百联股份,09:47:51,14.73,105900,14.73,卖盘
600827,百联股份,09:47:48,14.73,64800,14.73,卖盘
600827,百联股份,09:47:45,14.73,44500,14.73,卖盘
600827,百联股份,09:47:42,14.73,40400,14.73,卖盘
600827,百联股份,09:47:39,14.73,111700,14.72,卖盘
600827,百联股份,09:47:36,14.72,326900,14.73,卖盘
600827,百联股份,09:47:33,14.73,92300,14.73,卖盘
600827,百联股份,09:47:30,14.73,110161,14.73,卖盘
600827,百联股份,09:47:27,14.73,332382,14.72,买盘
600827,百联股份,09:47:21,14.72,39200,14.7,买盘
600827,百联股份,09:47:18,14.7,45000,14.73,卖盘
600827,百联股份,09:47:15,14.73,252300,14.73,买盘
600827,百联股份,09:47:12,14.73,76100,14.73,卖盘
600827,百联股份,09:47:06,14.73,157200,14.73,卖盘
600827,百联股份,09:47:03,14.73,56300,14.73,卖盘
600827,百联股份,09:47:00,14.73,357549,14.73,买盘
600827,百联股份,09:46:57,14.73,678100,14.73,买盘
600827,百联股份,09:46:54,14.73,577600,14.73,买盘
600827,百联股份,09:46:51,14.73,142900,14.73,买盘
600827,百联股份,09:46:48,14.73,412170,14.73,买盘
600827,百联股份,09:46:45,14.73,1043261,14.73,卖盘
600827,百联股份,09:46:42,14.73,1893409,14.73,卖盘
600827,百联股份,09:46:39,14.73,801896,14.73,卖盘
600827,百联股份,09:46:36,14.73,600400,14.73,卖盘
600827,百联股份,09:46:33,14.73,636900,14.73,卖盘
600827,百联股份,09:46:27,14.73,558600,14.73,卖盘
600827,百联股份,09:46:21,14.73,36600,14.73,卖盘
600827,百联股份,09:46:15,14.73,524244,14.73,卖盘
600827,百联股份,09:46:09,14.73,112300,14.73,卖盘
600827,百联股份,09:46:06,14.73,80500,14.73,卖盘
600827,百联股份,09:46:03,14.73,89700,14.73,卖盘
600827,百联股份,09:46:00,14.73,1109200,14.73,卖盘
600827,百联股份,09:45:57,14.73,71100,14.73,卖盘
600827,百联股份,09:45:54,14.73,120900,14.73,卖盘
600827,百联股份,09:45:51,14.73,212500,14.73,卖盘
600827,百联股份,09:45:48,14.73,431220,14.73,卖盘
600827,百联股份,09:45:45,14.73,107800,14.73,卖盘
600827,百联股份,09:45:42,14.73,539600,14.73,卖盘
600827,百联股份,09:45:39,14.73,37500,14.73,卖盘
600827,百联股份,09:45:36,14.73,36930,14.73,卖盘
600827,百联股份,09:45:30,14.73,506100,14.73,卖盘
600827,百联股份,09:45:21,14.73,510100,14.73,卖盘
600827,百联股份,09:45:18,14.73,35300,14.73,卖盘
600827,百联股份,09:44:57,14.73,502800,14.73,卖盘
600827,百联股份,09:44:42,14.73,500300,14.73,卖盘
600827,百联股份,09:44:33,14.73,500000,14.73,卖盘
600827,百联股份,09:44:03,14.73,500000,14.73,卖盘
600827,百联股份,09:35:48,14.73,206300,14.73,卖盘
600827,百联股份,09:32:51,14.73,200700,14.73,卖盘
600827,百联股份,09:32:15,14.73,37500,14.73,卖盘
600827,百联股份,09:32:00,14.73,104400,14.73,卖盘
600827,百联股份,09:31:21,14.73,121588,14.73,卖盘
600827,百联股份,09:31:15,14.73,35888,14.73,卖盘
600827,百联股份,09:31:12,14.73,66100,14.73,卖盘
600827,百联股份,09:31:09,14.73,59200,14.73,卖盘
600827,百联股份,09:31:06,14.73,121410,14.73,卖盘
600827,百联股份,09:31:03,14.73,263300,14.73,卖盘
600827,百联股份,09:31:00,14.73,222900,14.73,卖盘
600827,百联股份,09:30:57,14.73,179600,14.73,卖盘
600827,百联股份,09:30:54,14.73,349700,14.73,卖盘
600827,百联股份,09:30:51,14.73,161268,14.73,买盘
600827,百联股份,09:30:48,14.73,1472672,14.72,买盘
600827,百联股份,09:30:45,14.72,653928,14.71,买盘
600827,百联股份,09:30:42,14.71,121100,14.7,买盘
600827,百联股份,09:30:39,14.7,239000,14.72,中性盘
600827,百联股份,09:30:36,14.72,228000,14.7,买盘
600827,百联股份,09:30:33,14.7,167400,14.72,卖盘
600827,百联股份,09:30:30,14.72,451700,14.73,买盘
600827,百联股份,09:30:27,14.73,746500,14.73,卖盘
600827,百联股份,09:30:24,14.73,1180629,14.73,卖盘
600827,百联股份,09:30:21,14.73,150027,14.73,卖盘
600827,百联股份,09:30:18,14.73,268925,14.73,卖盘
600827,百联股份,09:30:15,14.73,1138300,14.73,卖盘
600827,百联股份,09:30:09,14.73,2341192,14.56,买盘
600827,百联股份,09:30:06,14.56,2641395,14.57,卖盘
600827,百联股份,09:30:03,14.57,3697768,14.59,中性盘
600827,百联股份,09:30:00,14.59,501500,14.55,买盘
600827,百联股份,09:25:00,14.55,4278600,0.0,买盘
